
@article{mendez_transcription_2012,
	title = {Transcription factor regulation by mechanical stress},
	volume = {44},
	issn = {13572725},
	url = {http://linkinghub.elsevier.com/retrieve/pii/S1357272512000477},
	doi = {10.1016/j.biocel.2012.02.003},
	pages = {728--732},
	number = {5},
	journaltitle = {The International Journal of Biochemistry \& Cell Biology},
	author = {Mendez, Melissa G. and Janmey, Paul A.},
	urldate = {2013-10-21},
	date = {2012-05}
}

@article{esnault_rho-actin_2014,
	title = {Rho-actin signaling to the MRTF coactivators dominates the immediate transcriptional response to serum in fibroblasts},
	volume = {28},
	issn = {0890-9369},
	url = {http://genesdev.cshlp.org/cgi/doi/10.1101/gad.239327.114},
	doi = {10.1101/gad.239327.114},
	pages = {943--958},
	number = {9},
	journaltitle = {Genes \& Development},
	author = {Esnault, C. and Stewart, A. and Gualdrini, F. and East, P. and Horswell, S. and Matthews, N. and Treisman, R.},
	urldate = {2015-01-13},
	date = {2014-05-01},
	langid = {english},
	file = {943.full.pdf:C\:\\Users\\Patrick\\AppData\\Roaming\\Mozilla\\Firefox\\Profiles\\x2w60nha.default\\zotero\\storage\\D2QNF3G8\\943.full.pdf:application/pdf}
}

@article{sauzeau_cyclic_2000,
	title = {Cyclic GMP-dependent Protein Kinase Signaling Pathway Inhibits Rho-induced Ca2+ Sensitization of Contraction in Vascular Smooth Muscle},
	volume = {275},
	issn = {00219258},
	url = {http://www.jbc.org/cgi/doi/10.1074/jbc.M000753200},
	doi = {10.1074/jbc.M000753200},
	pages = {21722--21729},
	number = {28},
	journaltitle = {Journal of Biological Chemistry},
	author = {Sauzeau, V.},
	urldate = {2013-11-18},
	date = {2000-04-26},
	file = {21722.full.pdf:C\:\\Users\\Patrick\\AppData\\Roaming\\Mozilla\\Firefox\\Profiles\\x2w60nha.default\\zotero\\storage\\WPFEK24F\\21722.full.pdf:application/pdf}
}

@article{janmey_tissue_2013,
	title = {From tissue mechanics to transcription factors},
	volume = {86},
	issn = {03014681},
	url = {http://linkinghub.elsevier.com/retrieve/pii/S0301468113000613},
	doi = {10.1016/j.diff.2013.07.004},
	pages = {112--120},
	number = {3},
	journaltitle = {Differentiation},
	author = {Janmey, Paul A. and Wells, Rebecca G. and Assoian, Richard K. and McCulloch, Christopher A.},
	urldate = {2013-10-21},
	date = {2013-10}
}

@article{gjorevski_regulation_2011,
	title = {Regulation of Epithelial-Mesenchymal Transition by Transmission of Mechanical Stress through Epithelial Tissues},
	volume = {5},
	issn = {1875-2292, 1875-2284},
	url = {http://link.springer.com/10.1007/s12307-011-0076-5},
	doi = {10.1007/s12307-011-0076-5},
	pages = {29--38},
	number = {1},
	journaltitle = {Cancer Microenvironment},
	author = {Gjorevski, Nikolce and Boghaert, Eline and Nelson, Celeste M.},
	urldate = {2013-10-21},
	date = {2011-07-12}
}

@article{hirano_sensing_2011,
	title = {Sensing actin dynamics: Structural basis for G-actin-sensitive nuclear import of MAL},
	volume = {414},
	issn = {0006291X},
	url = {http://linkinghub.elsevier.com/retrieve/pii/S0006291X11016834},
	doi = {10.1016/j.bbrc.2011.09.079},
	shorttitle = {Sensing actin dynamics},
	pages = {373--378},
	number = {2},
	journaltitle = {Biochemical and Biophysical Research Communications},
	author = {Hirano, Hidemi and Matsuura, Yoshiyuki},
	urldate = {2013-10-21},
	date = {2011-10}
}

@article{kim_cytoskeletal_2008,
	title = {Cytoskeletal remodeling in differentiated vascular smooth muscle is actin isoform dependent and stimulus dependent},
	volume = {295},
	issn = {0363-6143, 1522-1563},
	url = {http://ajpcell.physiology.org/cgi/doi/10.1152/ajpcell.00174.2008},
	doi = {10.1152/ajpcell.00174.2008},
	pages = {C768--C778},
	number = {3},
	journaltitle = {AJP: Cell Physiology},
	author = {Kim, H. R. and Gallant, C. and Leavis, P. C. and Gunst, S. J. and Morgan, K. G.},
	urldate = {2013-11-18},
	date = {2008-09-01},
	file = {C768.full.pdf:C\:\\Users\\Patrick\\AppData\\Roaming\\Mozilla\\Firefox\\Profiles\\x2w60nha.default\\zotero\\storage\\EKW7S5MU\\C768.full.pdf:application/pdf}
}

@article{huang_matrix_2012,
	title = {Matrix Stiffness–Induced Myofibroblast Differentiation Is Mediated by Intrinsic Mechanotransduction},
	volume = {47},
	issn = {1044-1549, 1535-4989},
	url = {http://www.atsjournals.org/doi/abs/10.1165/rcmb.2012-0050OC},
	doi = {10.1165/rcmb.2012-0050OC},
	pages = {340--348},
	number = {3},
	journaltitle = {American Journal of Respiratory Cell and Molecular Biology},
	author = {Huang, Xiangwei and Yang, Naiheng and Fiore, Vincent F. and Barker, Thomas H. and Sun, Yi and Morris, Stephan W. and Ding, Qiang and Thannickal, Victor J. and Zhou, Yong},
	urldate = {2013-10-21},
	date = {2012-09}
}

@article{vartiainen_nuclear_2007,
	title = {Nuclear Actin Regulates Dynamic Subcellular Localization and Activity of the SRF Cofactor MAL},
	volume = {316},
	issn = {0036-8075, 1095-9203},
	url = {http://www.sciencemag.org/cgi/doi/10.1126/science.1141084},
	doi = {10.1126/science.1141084},
	pages = {1749--1752},
	number = {5832},
	journaltitle = {Science},
	author = {Vartiainen, M. K. and Guettler, S. and Larijani, B. and Treisman, R.},
	urldate = {2013-10-21},
	date = {2007-06-22}
}

@online{_rho_????,
	title = {Rho, nuclear actin, and actin-binding proteins in the regulation of transcription and gene expression},
	url = {https://www.landesbioscience.com/article/27539/full_text/#load/info/all},
	urldate = {2014-05-23},
	file = {Rho, nuclear actin, and actin-binding proteins in the regulation of transcription and gene expression:C\:\\Users\\Patrick\\AppData\\Roaming\\Mozilla\\Firefox\\Profiles\\x2w60nha.default\\zotero\\storage\\NRB34467\\full_text.html:text/html}
}

@article{vartiainen_nuclear_2008,
	title = {Nuclear actin dynamics – From form to function},
	volume = {582},
	issn = {00145793},
	url = {http://linkinghub.elsevier.com/retrieve/pii/S0014579308003244},
	doi = {10.1016/j.febslet.2008.04.010},
	pages = {2033--2040},
	number = {14},
	journaltitle = {{FEBS} Letters},
	author = {Vartiainen, Maria K.},
	urldate = {2013-10-21},
	date = {2008-06}
}

@article{zhao_force_2007,
	title = {Force activates smooth muscle -actin promoter activity through the Rho signaling pathway},
	volume = {120},
	issn = {0021-9533, 1477-9137},
	url = {http://jcs.biologists.org/cgi/doi/10.1242/jcs.001586},
	doi = {10.1242/jcs.001586},
	pages = {1801--1809},
	number = {10},
	journaltitle = {Journal of Cell Science},
	author = {Zhao, X.-H. and Laschinger, C. and Arora, P. and Szaszi, K. and Kapus, A. and McCulloch, C. A.},
	urldate = {2013-10-21},
	date = {2007-04-24}
}

@article{gerber_blood-borne_2013,
	title = {Blood-Borne Circadian Signal Stimulates Daily Oscillations in Actin Dynamics and {SRF} Activity},
	volume = {152},
	issn = {00928674},
	url = {http://linkinghub.elsevier.com/retrieve/pii/S0092867412015498},
	doi = {10.1016/j.cell.2012.12.027},
	pages = {492--503},
	number = {3},
	journaltitle = {Cell},
	author = {Gerber, Alan and Esnault, Cyril and Aubert, Gregory and Treisman, Richard and Pralong, François and Schibler, Ueli},
	urldate = {2013-10-21},
	date = {2013-01}
}

@article{grummt_actin_2006,
	title = {Actin and myosin as transcription factors},
	volume = {16},
	issn = {0959437X},
	url = {http://linkinghub.elsevier.com/retrieve/pii/S0959437X06000232},
	doi = {10.1016/j.gde.2006.02.001},
	pages = {191--196},
	number = {2},
	journaltitle = {Current Opinion in Genetics \& Development},
	author = {Grummt, Ingrid},
	urldate = {2014-12-17},
	date = {2006-04},
	langid = {english},
	file = {1-s2.0-S0959437X06000232-main.pdf:C\:\\Users\\Patrick\\AppData\\Roaming\\Mozilla\\Firefox\\Profiles\\x2w60nha.default\\zotero\\storage\\GE7645EZ\\1-s2.0-S0959437X06000232-main.pdf:application/pdf}
}

@article{maier_tenascin-c_2008,
	title = {Tenascin-C induction by cyclic strain requires integrin-linked kinase},
	volume = {1783},
	issn = {01674889},
	url = {http://linkinghub.elsevier.com/retrieve/pii/S0167488908000335},
	doi = {10.1016/j.bbamcr.2008.01.013},
	pages = {1150--1162},
	number = {6},
	journaltitle = {Biochimica et Biophysica Acta ({BBA}) - Molecular Cell Research},
	author = {Maier, Silke and Lutz, Roman and Gelman, Laurent and Sarasa-Renedo, Ana and Schenk, Susanne and Grashoff, Carsten and Chiquet, Matthias},
	urldate = {2015-01-12},
	date = {2008-06},
	langid = {english},
	file = {1-s2.0-S0167488908000335-main.pdf:C\:\\Users\\Patrick\\AppData\\Roaming\\Mozilla\\Firefox\\Profiles\\x2w60nha.default\\zotero\\storage\\VX2D237Q\\1-s2.0-S0167488908000335-main.pdf:application/pdf}
}

@article{skarp_steady-state_2013,
	title = {Steady-state nuclear actin levels are determined by export competent actin pool},
	volume = {70},
	url = {http://onlinelibrary.wiley.com/doi/10.1002/cm.21116/full},
	pages = {623--634},
	number = {10},
	journaltitle = {Cytoskeleton},
	author = {Skarp, Kari-Pekka and Huet, Guillaume and Vartiainen, Maria K.},
	urldate = {2014-05-23},
	date = {2013},
	keywords = {Actine, Actine nucléaire, Rôle non-mécanique de l'actine},
	file = {cm21116.pdf:C\:\\Users\\Patrick\\AppData\\Roaming\\Mozilla\\Firefox\\Profiles\\x2w60nha.default\\zotero\\storage\\6SK29UKM\\cm21116.pdf:application/pdf}
}

@article{soltow_cessation_2013,
	title = {Cessation of cyclic stretch induces atrophy of C2C12 myotubes},
	volume = {434},
	issn = {0006291X},
	url = {http://linkinghub.elsevier.com/retrieve/pii/S0006291X13004816},
	doi = {10.1016/j.bbrc.2013.03.048},
	pages = {316--321},
	number = {2},
	journaltitle = {Biochemical and Biophysical Research Communications},
	author = {Soltow, Quinlyn A. and Zeanah, Elizabeth H. and Lira, Vitor A. and Criswell, David S.},
	urldate = {2015-01-22},
	date = {2013-05},
	langid = {english},
	file = {1-s2.0-S0006291X13004816-main.pdf:C\:\\Users\\Patrick\\AppData\\Roaming\\Mozilla\\Firefox\\Profiles\\x2w60nha.default\\zotero\\storage\\6KAZCP3R\\1-s2.0-S0006291X13004816-main.pdf:application/pdf}
}

@article{luo_histone_2014,
	title = {Histone methyltransferase {SMYD}3 promotes {MRTF}-A-mediated transactivation of {MYL}9 and migration of {MCF}-7 breast cancer cells},
	volume = {344},
	issn = {03043835},
	url = {http://linkinghub.elsevier.com/retrieve/pii/S0304383513007556},
	doi = {10.1016/j.canlet.2013.10.026},
	pages = {129--137},
	number = {1},
	journaltitle = {Cancer Letters},
	author = {Luo, Xue-Gang and Zhang, Chun-Ling and Zhao, Wen-Wen and Liu, Zhi-Peng and Liu, Lei and Mu, Ai and Guo, Shu and Wang, Nan and Zhou, Hao and Zhang, Tong-Cun},
	urldate = {2014-10-31},
	date = {2014-03},
	langid = {english},
	file = {1-s2.0-S0304383513007556-main.pdf:C\:\\Users\\Patrick\\AppData\\Roaming\\Mozilla\\Firefox\\Profiles\\x2w60nha.default\\zotero\\storage\\EPDSQZ25\\1-s2.0-S0304383513007556-main.pdf:application/pdf}
}

@article{allioux-guerin_spatiotemporal_2009,
	title = {Spatiotemporal Analysis of Cell Response to a Rigidity Gradient: A Quantitative Study Using Multiple Optical Tweezers},
	volume = {96},
	issn = {00063495},
	url = {http://linkinghub.elsevier.com/retrieve/pii/S0006349508000180},
	doi = {10.1529/biophysj.108.134627},
	shorttitle = {Spatiotemporal Analysis of Cell Response to a Rigidity Gradient},
	pages = {238--247},
	number = {1},
	journaltitle = {Biophysical Journal},
	author = {Allioux-Guérin, Myriam and Icard-Arcizet, Delphine and Durieux, Christiane and Hénon, Sylvie and Gallet, François and Mevel, Jean-Claude and Masse, Marie-Jo and Tramier, Marc and Coppey-Moisan, Maïté},
	urldate = {2013-10-21},
	date = {2009-01}
}

@article{belin_visualization_2013,
	title = {Visualization of actin filaments and monomers in somatic cell nuclei},
	volume = {24},
	url = {http://www.molbiolcell.org/content/24/7/982.short},
	pages = {982--994},
	number = {7},
	journaltitle = {Molecular biology of the cell},
	author = {Belin, Brittany J. and Cimini, Beth A. and Blackburn, Elizabeth H. and Mullins, R. Dyche},
	urldate = {2014-05-23},
	date = {2013},
	file = {982.full.pdf:C\:\\Users\\Patrick\\AppData\\Roaming\\Mozilla\\Firefox\\Profiles\\x2w60nha.default\\zotero\\storage\\X35Z47JD\\982.full.pdf:application/pdf}
}

@article{connelly_actin_2010,
	title = {Actin and serum response factor transduce physical cues from the microenvironment to regulate epidermal stem cell fate decisions},
	volume = {12},
	url = {http://www.nature.com/ncb/journal/vaop/ncurrent/full/ncb2074.html},
	pages = {711--718},
	number = {7},
	journaltitle = {nature cell biology},
	author = {Connelly, John T. and Gautrot, Julien E. and Trappmann, Britta and Tan, David Wei-Min and Donati, Giacomo and Huck, Wilhelm TS and Watt, Fiona M.},
	urldate = {2013-10-21},
	date = {2010},
	file = {Actin and SRF transduce physical cues to regulate stem cell fate decisions Nature Cell Biology 2010.pdf:C\:\\Users\\Patrick\\AppData\\Roaming\\Mozilla\\Firefox\\Profiles\\x2w60nha.default\\zotero\\storage\\VSGJZ38X\\Actin and SRF transduce physical cues to regulate stem cell fate decisions Nature Cell Biology 2010.pdf:application/pdf}
}

@article{milzani_oxidation_2000,
	title = {The oxidation produced by hydrogen peroxide on Ca-{ATP}-G-actin},
	volume = {9},
	url = {http://onlinelibrary.wiley.com/doi/10.1110/ps.9.9.1774/abstract},
	pages = {1774--1782},
	number = {9},
	journaltitle = {Protein Science},
	author = {Milzani, Aldo and Rossi, Ranieri and Simplicio, Paolo Di and Giustarini, Daniela and Colombo, Roberto and Dalledonne, Isabella},
	urldate = {2014-06-02},
	date = {2000},
	file = {11045622.pdf:C\:\\Users\\Patrick\\AppData\\Roaming\\Mozilla\\Firefox\\Profiles\\x2w60nha.default\\zotero\\storage\\FMJHUA8R\\11045622.pdf:application/pdf}
}

@article{treisman_structure_2011,
	title = {Structure of a Pentavalent G-Actin* {MRTF}-A Complex Reveals How G-Actin},
	url = {http://www.researchgate.net/profile/Stephane_Mouilleron2/publication/51219331_Structure_of_a_pentavalent_G-actin*MRTF-A_complex_reveals_how_G-actin_controls_nucleocytoplasmic_shuttling_of_a_transcriptional_coactivator/links/0912f5065bb6d82872000000.pdf},
	author = {Treisman, Richard and Mouilleron, Stéphane and Langer, Carola A. and Guettler, Sebastian and McDonald, Neil Q.},
	urldate = {2015-02-02},
	date = {2011},
	file = {Sci Signal 2011 Mouilleron.pdf:C\:\\Users\\Patrick\\AppData\\Roaming\\Mozilla\\Firefox\\Profiles\\x2w60nha.default\\zotero\\storage\\FNVFTBBN\\Sci Signal 2011 Mouilleron.pdf:application/pdf}
}

@article{mouilleron_molecular_2008,
	title = {Molecular basis for G-actin binding to {RPEL} motifs from the serum response factor coactivator {MAL}},
	volume = {27},
	url = {http://www.nature.com/emboj/journal/vaop/ncurrent/full/emboj2008235a.html},
	pages = {3198--3208},
	number = {23},
	journaltitle = {The {EMBO} journal},
	author = {Mouilleron, Stephane and Guettler, Sebastian and Langer, Carola A. and Treisman, Richard and McDonald, Neil Q.},
	urldate = {2013-10-21},
	date = {2008}
}
@article{kalita_role_2006,
	title = {Role of Megakaryoblastic Acute Leukemia-1 in {ERK}1/2-Dependent Stimulation of Serum Response Factor-Driven Transcription by {BDNF} or Increased Synaptic Activity},
	volume = {26},
	issn = {0270-6474, 1529-2401},
	url = {http://www.jneurosci.org/cgi/doi/10.1523/JNEUROSCI.2644-06.2006},
	doi = {10.1523/JNEUROSCI.2644-06.2006},
	pages = {10020--10032},
	number = {39},
	journaltitle = {Journal of Neuroscience},
	author = {Kalita, K. and Kharebava, G. and Zheng, J.-J. and Hetman, M.},
	urldate = {2015-02-02},
	date = {2006-09-27},
	langid = {english},
	file = {10020.full.pdf:C\:\\Users\\Patrick\\AppData\\Roaming\\Mozilla\\Firefox\\Profiles\\x2w60nha.default\\zotero\\storage\\SXUG2D3V\\10020.full.pdf:application/pdf}
}

@article{vicente_photobleaching_2007,
	title = {Photobleaching correction in fluorescence microscopy images},
	volume = {90},
	issn = {1742-6596},
	url = {http://stacks.iop.org/1742-6596/90/i=1/a=012068?key=crossref.9b6f0c2c9594d34bac0eaef566da2225},
	doi = {10.1088/1742-6596/90/1/012068},
	pages = {012068},
	journaltitle = {Journal of Physics: Conference Series},
	author = {Vicente, Nathalie B and Zamboni, Javier E Diaz and Adur, Javier F and Paravani, Enrique V and Casco, Víctor H},
	urldate = {2013-11-21},
	date = {2007-11-01},
	file = {jpconf7_90_012068.pdf:C\:\\Users\\Patrick\\AppData\\Roaming\\Mozilla\\Firefox\\Profiles\\x2w60nha.default\\zotero\\storage\\GBRWEWJD\\jpconf7_90_012068.pdf:application/pdf}
}

@article{wang_potentiation_2002,
	title = {Potentiation of serum response factor activity by a family of myocardin-related transcription factors},
	volume = {99},
	url = {http://www.pnas.org/content/99/23/14855.short},
	pages = {14855--14860},
	number = {23},
	journaltitle = {Proceedings of the National Academy of Sciences},
	author = {Wang, Da-Zhi and Li, Shijie and Hockemeyer, Dirk and Sutherland, Lillian and Wang, Zhigao and Schratt, Gerhard and Richardson, James A. and Nordheim, Alfred and Olson, Eric N.},
	urldate = {2014-12-11},
	date = {2002},
	file = {14855.full.pdf:C\:\\Users\\Patrick\\AppData\\Roaming\\Mozilla\\Firefox\\Profiles\\x2w60nha.default\\zotero\\storage\\W7EPHV3P\\14855.full.pdf:application/pdf}
}

@article{sotiropoulos_signal-regulated_1999,
	title = {Signal-regulated activation of serum response factor is mediated by changes in actin dynamics},
	volume = {98},
	url = {http://www.sciencedirect.com/science/article/pii/S0092867400810119},
	pages = {159--169},
	number = {2},
	journaltitle = {Cell},
	author = {Sotiropoulos, Athanassia and Gineitis, Dziugas and Copeland, John and Treisman, Richard},
	urldate = {2014-12-10},
	date = {1999},
	keywords = {Actine, Serum, Serum Response Factor},
	file = {1-s2.0-S0092867400810119-main.pdf:C\:\\Users\\Patrick\\AppData\\Roaming\\Mozilla\\Firefox\\Profiles\\x2w60nha.default\\zotero\\storage\\4UCGVSE9\\1-s2.0-S0092867400810119-main.pdf:application/pdf}
}

@article{pitaval_cell_2010,
	title = {Cell shape and contractility regulate ciliogenesis in cell cycle-arrested cells},
	volume = {191},
	issn = {0021-9525, 1540-8140},
	url = {http://www.jcb.org/cgi/doi/10.1083/jcb.201004003},
	doi = {10.1083/jcb.201004003},
	pages = {303--312},
	number = {2},
	journaltitle = {The Journal of Cell Biology},
	author = {Pitaval, A. and Tseng, Q. and Bornens, M. and Thery, M.},
	urldate = {2013-10-21},
	date = {2010-10-18}
}

@article{gomez_tissue_2010,
	title = {Tissue geometry patterns epithelial-mesenchymal transition via intercellular mechanotransduction},
	issn = {07302312, 10974644},
	url = {http://doi.wiley.com/10.1002/jcb.22545},
	doi = {10.1002/jcb.22545},
	pages = {n/a--n/a},
	journaltitle = {Journal of Cellular Biochemistry},
	author = {Gomez, Esther W. and Chen, Qike K. and Gjorevski, Nikolce and Nelson, Celeste M.},
	urldate = {2014-03-03},
	date = {2010},
	file = {22545_ftp.pdf:C\:\\Users\\Patrick\\AppData\\Roaming\\Mozilla\\Firefox\\Profiles\\x2w60nha.default\\zotero\\storage\\UFMTH8CZ\\22545_ftp.pdf:application/pdf}
}

@article{rowlands_directing_2008,
	title = {Directing osteogenic and myogenic differentiation of {MSCs}: interplay of stiffness and adhesive ligand presentation},
	volume = {295},
	issn = {0363-6143, 1522-1563},
	url = {http://ajpcell.physiology.org/cgi/doi/10.1152/ajpcell.67.2008},
	doi = {10.1152/ajpcell.67.2008},
	shorttitle = {Directing osteogenic and myogenic differentiation of {MSCs}},
	pages = {C1037--C1044},
	number = {4},
	journaltitle = {{AJP}: Cell Physiology},
	author = {Rowlands, A. S. and George, P. A. and Cooper-White, J. J.},
	urldate = {2015-01-22},
	date = {2008-10-01},
	langid = {english},
	file = {C1037.full.pdf:C\:\\Users\\Patrick\\AppData\\Roaming\\Mozilla\\Firefox\\Profiles\\x2w60nha.default\\zotero\\storage\\7H9RFS5U\\C1037.full.pdf:application/pdf}
}

@article{jain_cell_2013,
	title = {Cell geometric constraints induce modular gene-expression patterns via redistribution of {HDAC}3 regulated by actomyosin contractility},
	volume = {110},
	url = {http://www.pnas.org/content/110/28/11349.short},
	pages = {11349--11354},
	number = {28},
	journaltitle = {Proceedings of the National Academy of Sciences},
	author = {Jain, Nikhil and Iyer, K. Venkatesan and Kumar, Abhishek and Shivashankar, G. V.},
	urldate = {2013-10-21},
	date = {2013}
}

@online{center_for_history_and_new_media_guide_????,
	title = {Guide rapide pour débuter},
	url = {http://zotero.org/support/quick_start_guide},
	author = {{Center for History and New Media}},
	file = {Transcription factor regulation by mechanical stress Janmey Int J Biochem Cell Biol 2012.pdf:C\:\\Users\\Patrick\\AppData\\Roaming\\Mozilla\\Firefox\\Profiles\\x2w60nha.default\\zotero\\storage\\WSPUTXJJ\\Transcription factor regulation by mechanical stress Janmey Int J Biochem Cell Biol 2012.pdf:application/pdf}
}

@article{sun_acute_2006,
	title = {Acute Myeloid Leukemia-Associated Mkl1 (Mrtf-a) Is a Key Regulator of Mammary Gland Function},
	volume = {26},
	issn = {0270-7306},
	url = {http://mcb.asm.org/cgi/doi/10.1128/MCB.00024-06},
	doi = {10.1128/MCB.00024-06},
	pages = {5809--5826},
	number = {15},
	journaltitle = {Molecular and Cellular Biology},
	author = {Sun, Y. and Boyd, K. and Xu, W. and Ma, J. and Jackson, C. W. and Fu, A. and Shillingford, J. M. and Robinson, G. W. and Hennighausen, L. and Hitzler, J. K. and Ma, Z. and Morris, S. W.},
	urldate = {2014-12-17},
	date = {2006-08-01},
	langid = {english},
	file = {5809.full.pdf:C\:\\Users\\Patrick\\AppData\\Roaming\\Mozilla\\Firefox\\Profiles\\x2w60nha.default\\zotero\\storage\\5FADEFAD\\5809.full.pdf:application/pdf}
}

@article{kuwahara_myocardin-related_2010,
	title = {Myocardin-Related Transcription Factor A Is a Common Mediator of Mechanical Stress- and Neurohumoral Stimulation-Induced Cardiac Hypertrophic Signaling Leading to Activation of Brain Natriuretic Peptide Gene Expression},
	volume = {30},
	issn = {0270-7306},
	url = {http://mcb.asm.org/cgi/doi/10.1128/MCB.00154-10},
	doi = {10.1128/MCB.00154-10},
	pages = {4134--4148},
	number = {17},
	journaltitle = {Molecular and Cellular Biology},
	author = {Kuwahara, K. and Kinoshita, H. and Kuwabara, Y. and Nakagawa, Y. and Usami, S. and Minami, T. and Yamada, Y. and Fujiwara, M. and Nakao, K.},
	urldate = {2013-10-21},
	date = {2010-07-06}
}

@article{treisman_shedding_2013,
	title = {Shedding light on nuclear actin dynamics and function},
	volume = {38},
	url = {http://www.sciencedirect.com/science/article/pii/S0968000413000959},
	pages = {376--377},
	number = {8},
	journaltitle = {Trends in biochemical sciences},
	author = {Treisman, Richard},
	urldate = {2014-05-23},
	date = {2013},
	keywords = {Actine, Actine nucléaire, Review, Rôle non-mécanique de l'actine},
	file = {1-s2.0-S0968000413000959-main.pdf:C\:\\Users\\Patrick\\AppData\\Roaming\\Mozilla\\Firefox\\Profiles\\x2w60nha.default\\zotero\\storage\\ADXTSDS9\\1-s2.0-S0968000413000959-main.pdf:application/pdf;Icard BiophysJ 2008.pdf:C\:\\Users\\Patrick\\AppData\\Roaming\\Mozilla\\Firefox\\Profiles\\x2w60nha.default\\zotero\\storage\\R829EIVN\\Icard BiophysJ 2008.pdf:application/pdf}
}

@article{guettler_rpel_2008,
	title = {{RPEL} Motifs Link the Serum Response Factor Cofactor {MAL} but Not Myocardin to Rho Signaling via Actin Binding},
	volume = {28},
	issn = {0270-7306},
	url = {http://mcb.asm.org/cgi/doi/10.1128/MCB.01623-07},
	doi = {10.1128/MCB.01623-07},
	pages = {732--742},
	number = {2},
	journaltitle = {Molecular and Cellular Biology},
	author = {Guettler, S. and Vartiainen, M. K. and Miralles, F. and Larijani, B. and Treisman, R.},
	urldate = {2014-12-17},
	date = {2008-01-15},
	langid = {english},
	file = {1623-07.pdf:C\:\\Users\\Patrick\\AppData\\Roaming\\Mozilla\\Firefox\\Profiles\\x2w60nha.default\\zotero\\storage\\ZVQM5NPN\\1623-07.pdf:application/pdf}
}

@article{staus_diaphanous_2007,
	title = {Diaphanous 1 and 2 Regulate Smooth Muscle Cell Differentiation by Activating the Myocardin-Related Transcription Factors},
	volume = {27},
	issn = {1079-5642, 1524-4636},
	url = {http://atvb.ahajournals.org/cgi/doi/10.1161/01.ATV.0000255559.77687.c1},
	doi = {10.1161/01.ATV.0000255559.77687.c1},
	pages = {478--486},
	number = {3},
	journaltitle = {Arteriosclerosis, Thrombosis, and Vascular Biology},
	author = {Staus, D. P. and Blaker, A. L. and Taylor, J. M. and Mack, C. P.},
	urldate = {2015-01-22},
	date = {2007-03-01},
	langid = {english},
	file = {478.full.pdf:C\:\\Users\\Patrick\\AppData\\Roaming\\Mozilla\\Firefox\\Profiles\\x2w60nha.default\\zotero\\storage\\8SFAKDUH\\478.full.pdf:application/pdf}
}

@article{mierke_mechano-coupling_2008,
	title = {Mechano-Coupling and Regulation of Contractility by the Vinculin Tail Domain},
	volume = {94},
	issn = {00063495},
	url = {http://linkinghub.elsevier.com/retrieve/pii/S0006349508707434},
	doi = {10.1529/biophysj.107.108472},
	pages = {661--670},
	number = {2},
	journaltitle = {Biophysical Journal},
	author = {Mierke, Claudia Tanja and Kollmannsberger, Philip and Paranhos Zitterbart, Daniel and Smith, James and Fabry, Ben and Goldmann, Wolfgang Heinrich},
	urldate = {2013-10-21},
	date = {2008-01}
}

@article{descot_ott-mal_2008,
	title = {{OTT}-{MAL} Is a Deregulated Activator of Serum Response Factor-Dependent Gene Expression},
	volume = {28},
	issn = {0270-7306},
	url = {http://mcb.asm.org/cgi/doi/10.1128/MCB.00303-08},
	doi = {10.1128/MCB.00303-08},
	pages = {6171--6181},
	number = {20},
	journaltitle = {Molecular and Cellular Biology},
	author = {Descot, A. and Rex-Haffner, M. and Courtois, G. and Bluteau, D. and Menssen, A. and Mercher, T. and Bernard, O. A. and Treisman, R. and Posern, G.},
	urldate = {2015-01-21},
	date = {2008-10-15},
	langid = {english},
	file = {6171.full.pdf:C\:\\Users\\Patrick\\AppData\\Roaming\\Mozilla\\Firefox\\Profiles\\x2w60nha.default\\zotero\\storage\\BT6WRAQ8\\6171.full.pdf:application/pdf}
}

@article{ben-ari_life_2010,
	title = {The life of an {mRNA} in space and time},
	volume = {123},
	issn = {0021-9533, 1477-9137},
	url = {http://jcs.biologists.org/cgi/doi/10.1242/jcs.062638},
	doi = {10.1242/jcs.062638},
	pages = {1761--1774},
	number = {10},
	journaltitle = {Journal of Cell Science},
	author = {Ben-Ari, Y. and Brody, Y. and Kinor, N. and Mor, A. and Tsukamoto, T. and Spector, D. L. and Singer, R. H. and Shav-Tal, Y.},
	urldate = {2015-01-22},
	date = {2010-05-15},
	langid = {english},
	file = {1761.full.pdf:C\:\\Users\\Patrick\\AppData\\Roaming\\Mozilla\\Firefox\\Profiles\\x2w60nha.default\\zotero\\storage\\EF397R6T\\1761.full.pdf:application/pdf}
}

@article{selvaraj_megakaryoblastic_2003,
	title = {Megakaryoblastic Leukemia-1/2, a Transcriptional Co-activator of Serum Response Factor, Is Required for Skeletal Myogenic Differentiation},
	volume = {278},
	issn = {0021-9258, 1083-351X},
	url = {http://www.jbc.org/cgi/doi/10.1074/jbc.M305679200},
	doi = {10.1074/jbc.M305679200},
	pages = {41977--41987},
	number = {43},
	journaltitle = {Journal of Biological Chemistry},
	author = {Selvaraj, A. and Prywes, R.},
	urldate = {2014-12-12},
	date = {2003-10-24},
	langid = {english},
	file = {41977.full.pdf:C\:\\Users\\Patrick\\AppData\\Roaming\\Mozilla\\Firefox\\Profiles\\x2w60nha.default\\zotero\\storage\\J3MDN84I\\41977.full.pdf:application/pdf}
}

@article{li_requirement_2005,
	title = {Requirement for serum response factor for skeletal muscle growth and maturation revealed by tissue-specific gene deletion in mice},
	volume = {102},
	url = {http://www.pnas.org/content/102/4/1082.short},
	pages = {1082--1087},
	number = {4},
	journaltitle = {Proceedings of the National Academy of Sciences of the United States of America},
	author = {Li, Shijie and Czubryt, Michael P. and McAnally, John and Bassel-Duby, Rhonda and Richardson, James A. and Wiebel, Franziska F. and Nordheim, Alfred and Olson, Eric N.},
	urldate = {2014-12-11},
	date = {2005},
	file = {pnas-0409103102.pdf:C\:\\Users\\Patrick\\AppData\\Roaming\\Mozilla\\Firefox\\Profiles\\x2w60nha.default\\zotero\\storage\\AZFQFVX4\\pnas-0409103102.pdf:application/pdf}
}

@article{collard_nuclear_2014,
	title = {Nuclear actin and myocardin-related transcription factors control disuse muscle atrophy through regulation of Srf activity},
	volume = {127},
	issn = {0021-9533, 1477-9137},
	url = {http://jcs.biologists.org/cgi/doi/10.1242/jcs.155911},
	doi = {10.1242/jcs.155911},
	pages = {5157--5163},
	number = {24},
	journaltitle = {Journal of Cell Science},
	author = {Collard, L. and Herledan, G. and Pincini, A. and Guerci, A. and Randrianarison-Huetz, V. and Sotiropoulos, A.},
	urldate = {2015-01-16},
	date = {2014-12-15},
	langid = {english},
	file = {0.pdf:C\:\\Users\\Patrick\\AppData\\Roaming\\Mozilla\\Firefox\\Profiles\\x2w60nha.default\\zotero\\storage\\N4Z5EURH\\0.pdf:application/pdf}
}

@article{mercher_ott-mal_2009,
	title = {The {OTT}-{MAL} fusion oncogene activates {RBPJ}-mediated transcription and induces acute megakaryoblastic leukemia in a knockin mouse model},
	issn = {0021-9738},
	url = {http://www.jci.org/articles/view/35901},
	doi = {10.1172/JCI35901},
	journaltitle = {Journal of Clinical Investigation},
	author = {Mercher, Thomas and Raffel, Glen D. and Moore, Sandra A. and Cornejo, Melanie G. and Baudry-Bluteau, Dominique and Cagnard, Nicolas and Jesneck, Jonathan L. and Pikman, Yana and Cullen, Dana and Williams, Ifor R. and Akashi, Koichi and Shigematsu, Hirokazu and Bourquin, Jean-Pierre and Giovannini, Marco and Vainchenker, William and Levine, Ross L. and Lee, Benjamin H. and Bernard, Olivier A. and Gilliland, D. Gary},
	urldate = {2015-01-21},
	date = {2009-03-16},
	langid = {english},
	file = {render.pdf:C\:\\Users\\Patrick\\AppData\\Roaming\\Mozilla\\Firefox\\Profiles\\x2w60nha.default\\zotero\\storage\\CIN4JUG9\\render.pdf:application/pdf}
}

@article{posern_actin_2006,
	title = {Actin’ together: serum response factor, its cofactors and the link to signal transduction},
	volume = {16},
	issn = {09628924},
	url = {http://linkinghub.elsevier.com/retrieve/pii/S0962892406002698},
	doi = {10.1016/j.tcb.2006.09.008},
	shorttitle = {Actin’ together},
	pages = {588--596},
	number = {11},
	journaltitle = {Trends in Cell Biology},
	author = {Posern, Guido and Treisman, Richard},
	urldate = {2013-10-21},
	date = {2006-11}
}

@article{cen_megakaryoblastic_2003,
	title = {Megakaryoblastic Leukemia 1, a Potent Transcriptional Coactivator for Serum Response Factor ({SRF}), Is Required for Serum Induction of {SRF} Target Genes},
	volume = {23},
	issn = {0270-7306},
	url = {http://mcb.asm.org/cgi/doi/10.1128/MCB.23.18.6597-6608.2003},
	doi = {10.1128/MCB.23.18.6597-6608.2003},
	pages = {6597--6608},
	number = {18},
	journaltitle = {Molecular and Cellular Biology},
	author = {Cen, B. and Selvaraj, A. and Burgess, R. C. and Hitzler, J. K. and Ma, Z. and Morris, S. W. and Prywes, R.},
	urldate = {2014-12-11},
	date = {2003-09-15},
	langid = {english},
	file = {0382.pdf:C\:\\Users\\Patrick\\AppData\\Roaming\\Mozilla\\Firefox\\Profiles\\x2w60nha.default\\zotero\\storage\\BMMNNXA3\\0382.pdf:application/pdf}
}

@article{li_requirement_2006,
	title = {Requirement of a Myocardin-Related Transcription Factor for Development of Mammary Myoepithelial Cells},
	volume = {26},
	issn = {0270-7306},
	url = {http://mcb.asm.org/cgi/doi/10.1128/MCB.00211-06},
	doi = {10.1128/MCB.00211-06},
	pages = {5797--5808},
	number = {15},
	journaltitle = {Molecular and Cellular Biology},
	author = {Li, S. and Chang, S. and Qi, X. and Richardson, J. A. and Olson, E. N.},
	urldate = {2014-12-17},
	date = {2006-08-01},
	langid = {english},
	file = {5797.full.pdf:C\:\\Users\\Patrick\\AppData\\Roaming\\Mozilla\\Firefox\\Profiles\\x2w60nha.default\\zotero\\storage\\ZHSETJEI\\5797.full.pdf:application/pdf}
}

@article{leitner_mal/mrtf-controls_2011,
	title = {{MAL}/{MRTF}-A controls migration of non-invasive cells by upregulation of cytoskeleton-associated proteins},
	volume = {124},
	issn = {0021-9533, 1477-9137},
	url = {http://jcs.biologists.org/cgi/doi/10.1242/jcs.092791},
	doi = {10.1242/jcs.092791},
	pages = {4318--4331},
	number = {24},
	journaltitle = {Journal of Cell Science},
	author = {Leitner, L. and Shaposhnikov, D. and Mengel, A. and Descot, A. and Julien, S. and Hoffmann, R. and Posern, G.},
	urldate = {2014-12-10},
	date = {2011-12-15},
	langid = {english},
	file = {MAL(MRTF-A) controls migration by upregulation of CTK-associated proteins Leitner JCSci 2011.pdf:C\:\\Users\\Patrick\\AppData\\Roaming\\Mozilla\\Firefox\\Profiles\\x2w60nha.default\\zotero\\storage\\MKVIB9CU\\MAL(MRTF-A) controls migration by upregulation of CTK-associated proteins Leitner JCSci 2011.pdf:application/pdf}
}

@article{kawauchi_p130cas-dependent_2012,
	title = {p130Cas-dependent actin remodelling regulates myogenic differentiation},
	volume = {445},
	issn = {0264-6021, 1470-8728},
	url = {http://www.biochemj.org/bj/445/bj4450323.htm},
	doi = {10.1042/BJ20112169},
	pages = {323--332},
	number = {3},
	journaltitle = {Biochemical Journal},
	author = {Kawauchi, Keiko and Tan, Wee Wee and Araki, Keigo and Abu Bakar, Farhana Binte and Kim, Minsoo and Fujita, Hideaki and Hirata, Hiroaki and Sawada, Yasuhiro},
	urldate = {2013-10-21},
	date = {2012-08-01}
}

@article{posern_mutant_2004,
	title = {Mutant actins that stabilise F-actin use distinct mechanisms to activate the {SRF} coactivator {MAL}},
	volume = {23},
	url = {http://www.nature.com/emboj/journal/v23/n20/abs/7600404a.html},
	pages = {3973--3983},
	number = {20},
	journaltitle = {The {EMBO} journal},
	author = {Posern, Guido and Miralles, Francesc and Guettler, Sebastian and Treisman, Richard},
	urldate = {2013-10-21},
	date = {2004}
}

@article{morita_g-actin_2013,
	title = {G-actin sequestering protein thymosin-β4 regulates the activity of myocardin-related transcription factor},
	volume = {437},
	issn = {0006291X},
	url = {http://linkinghub.elsevier.com/retrieve/pii/S0006291X1301067X},
	doi = {10.1016/j.bbrc.2013.06.069},
	pages = {331--335},
	number = {3},
	journaltitle = {Biochemical and Biophysical Research Communications},
	author = {Morita, Tsuyoshi and Hayashi, Ken’ichiro},
	urldate = {2014-05-23},
	date = {2013-08},
	langid = {english},
	file = {1-s2.0-S0006291X1301067X-main.pdf:C\:\\Users\\Patrick\\AppData\\Roaming\\Mozilla\\Firefox\\Profiles\\x2w60nha.default\\zotero\\storage\\JZGICUCJ\\1-s2.0-S0006291X1301067X-main.pdf:application/pdf}
}

@article{bausch_local_1998,
	title = {Local measurements of viscoelastic parameters of adherent cell surfaces by magnetic bead microrheometry},
	volume = {75},
	url = {http://www.sciencedirect.com/science/article/pii/S0006349598776465},
	pages = {2038--2049},
	number = {4},
	journaltitle = {Biophysical Journal},
	author = {Bausch, Andreas R. and Ziemann, Florian and Boulbitch, Alexei A. and Jacobson, Ken and Sackmann, Erich},
	urldate = {2013-10-21},
	date = {1998},
	file = {B65C1865d01.pdf:C\:\\Users\\Patrick\\AppData\\Roaming\\Mozilla\\Firefox\\Profiles\\x2w60nha.default\\zotero\\storage\\GHZV9D2T\\B65C1865d01.pdf:application/pdf}
}

@article{fuard_optimization_2008,
	title = {Optimization of poly-di-methyl-siloxane ({PDMS}) substrates for studying cellular adhesion and motility},
	volume = {85},
	issn = {01679317},
	url = {http://linkinghub.elsevier.com/retrieve/pii/S0167931708001196},
	doi = {10.1016/j.mee.2008.02.004},
	pages = {1289--1293},
	number = {5},
	journaltitle = {Microelectronic Engineering},
	author = {Fuard, D. and Tzvetkova-Chevolleau, T. and Decossas, S. and Tracqui, P. and Schiavone, P.},
	urldate = {2013-10-21},
	date = {2008-05}
}

@article{mcgee_nuclear_2011,
	title = {Nuclear transport of the serum response factor coactivator {MRTF}-A is downregulated at tensional homeostasis},
	volume = {12},
	issn = {1469-221X, 1469-3178},
	url = {http://www.nature.com/doifinder/10.1038/embor.2011.141},
	doi = {10.1038/embor.2011.141},
	pages = {963--970},
	number = {9},
	journaltitle = {{EMBO} reports},
	author = {McGee, Karen M and Vartiainen, Maria K and Khaw, Peng T and Treisman, Richard and Bailly, Maryse},
	urldate = {2013-10-21},
	date = {2011-07-29},
	file = {Nuclear transport of SRF coactivator MRTF-A is downregulated at tensional homeostasis Bailly EMBO reports 2011.pdf:C\:\\Users\\Patrick\\AppData\\Roaming\\Mozilla\\Firefox\\Profiles\\x2w60nha.default\\zotero\\storage\\I4DMCW5A\\Nuclear transport of SRF coactivator MRTF-A is downregulated at tensional homeostasis Bailly EMBO reports 2011.pdf:application/pdf}
}

@article{schmidt_rhoa_2012,
	title = {{RhoA} as a Mediator of Clinically Relevant Androgen Action in Prostate Cancer Cells},
	volume = {26},
	issn = {0888-8809},
	url = {http://mend.endojournals.org/cgi/doi/10.1210/me.2011-1130},
	doi = {10.1210/me.2011-1130},
	pages = {716--735},
	number = {5},
	journaltitle = {Molecular Endocrinology},
	author = {Schmidt, L. J. and Duncan, K. and Yadav, N. and Regan, K. M. and Verone, A. R. and Lohse, C. M. and Pop, E. A. and Attwood, K. and Wilding, G. and Mohler, J. L. and Sebo, T. J. and Tindall, D. J. and Heemers, H. V.},
	urldate = {2013-10-21},
	date = {2012-03-28}
}

@article{suzuki_mical_2002,
	title = {{MICAL}, a novel {CasL} interacting molecule, associates with vimentin},
	volume = {277},
	url = {http://www.jbc.org/content/277/17/14933.short},
	pages = {14933--14941},
	number = {17},
	journaltitle = {Journal of Biological Chemistry},
	author = {Suzuki, Takahiro and Nakamoto, Tetsuya and Ogawa, Seishi and Seo, Sachiko and Matsumura, Tomoko and Tachibana, Kouichi and Morimoto, Chikao and Hirai, Hisamaru},
	urldate = {2014-06-02},
	date = {2002},
	file = {14933.full.pdf:C\:\\Users\\Patrick\\AppData\\Roaming\\Mozilla\\Firefox\\Profiles\\x2w60nha.default\\zotero\\storage\\S4BV8D3R\\14933.full.pdf:application/pdf}
}

@article{scharenberg_tgf-_2014,
	title = {{TGF}- -induced differentiation into myofibroblasts involves specific regulation of two {MKL}1 isoforms},
	volume = {127},
	issn = {0021-9533, 1477-9137},
	url = {http://jcs.biologists.org/cgi/doi/10.1242/jcs.142075},
	doi = {10.1242/jcs.142075},
	pages = {1079--1091},
	number = {5},
	journaltitle = {Journal of Cell Science},
	author = {Scharenberg, M. A. and Pippenger, B. E. and Sack, R. and Zingg, D. and Ferralli, J. and Schenk, S. and Martin, I. and Chiquet-Ehrismann, R.},
	urldate = {2014-10-31},
	date = {2014-03-01},
	langid = {english},
	file = {1079.full.pdf:C\:\\Users\\Patrick\\AppData\\Roaming\\Mozilla\\Firefox\\Profiles\\x2w60nha.default\\zotero\\storage\\UZHINCG7\\1079.full.pdf:application/pdf;Nuclear transport of SRF coactivator MRTF-A is downregulated at tensional homeostasis Bailly EMBO reports 2011.pdf:C\:\\Users\\Patrick\\AppData\\Roaming\\Mozilla\\Firefox\\Profiles\\x2w60nha.default\\zotero\\storage\\RMG8FP2H\\Nuclear transport of SRF coactivator MRTF-A is downregulated at tensional homeostasis Bailly EMBO reports 2011.pdf:application/pdf}
}

@article{koegel_loss_2009,
	title = {Loss of serum response factor in keratinocytes results in hyperproliferative skin disease in mice},
	volume = {119},
	issn = {0021-9738},
	url = {http://www.jci.org/articles/view/37771},
	doi = {10.1172/JCI37771},
	pages = {899--910},
	number = {4},
	journaltitle = {Journal of Clinical Investigation},
	author = {Koegel, Heidi and von Tobel, Lukas and Schäfer, Matthias and Alberti, Siegfried and Kremmer, Elisabeth and Mauch, Cornelia and Hohl, Daniel and Wang, Xiao-Jing and Beer, Hans-Dietmar and Bloch, Wilhelm and Nordheim, Alfred and Werner, Sabine},
	urldate = {2014-12-11},
	date = {2009-04-01},
	langid = {english},
	file = {JCI37771.pdf:C\:\\Users\\Patrick\\AppData\\Roaming\\Mozilla\\Firefox\\Profiles\\x2w60nha.default\\zotero\\storage\\FEKUR6IE\\JCI37771.pdf:application/pdf}
}

@article{sasazuki_identification_2002,
	title = {Identification of a Novel Transcriptional Activator, {BSAC}, by a Functional Cloning to Inhibit Tumor Necrosis Factor-induced Cell Death},
	volume = {277},
	issn = {00219258, 1083351X},
	url = {http://www.jbc.org/cgi/doi/10.1074/jbc.M203190200},
	doi = {10.1074/jbc.M203190200},
	pages = {28853--28860},
	number = {32},
	journaltitle = {Journal of Biological Chemistry},
	author = {Sasazuki, T.},
	urldate = {2015-01-30},
	date = {2002-08-02},
	file = {28853.full.pdf:C\:\\Users\\Patrick\\AppData\\Roaming\\Mozilla\\Firefox\\Profiles\\x2w60nha.default\\zotero\\storage\\RRNQRA2G\\28853.full.pdf:application/pdf}
}

@article{passey_stretching_2011,
	title = {Stretching skeletal muscle in vitro: does it replicate in vivo physiology?},
	volume = {33},
	issn = {0141-5492, 1573-6776},
	url = {http://link.springer.com/10.1007/s10529-011-0610-z},
	doi = {10.1007/s10529-011-0610-z},
	shorttitle = {Stretching skeletal muscle in vitro},
	pages = {1513--1521},
	number = {8},
	journaltitle = {Biotechnology Letters},
	author = {Passey, S. and Martin, N. and Player, D. and Lewis, M. P.},
	urldate = {2014-03-17},
	date = {2011-08},
	langid = {english},
	file = {0.pdf:C\:\\Users\\Patrick\\AppData\\Roaming\\Mozilla\\Firefox\\Profiles\\x2w60nha.default\\zotero\\storage\\XAFSA8KK\\0.pdf:application/pdf}
}

@article{asparuhova_transcriptional_2011,
	title = {The transcriptional regulator megakaryoblastic leukemia-1 mediates serum response factor-independent activation of tenascin-C transcription by mechanical stress},
	volume = {25},
	issn = {0892-6638, 1530-6860},
	url = {http://www.fasebj.org/cgi/doi/10.1096/fj.11-187310},
	doi = {10.1096/fj.11-187310},
	pages = {3477--3488},
	number = {10},
	journaltitle = {The {FASEB} Journal},
	author = {Asparuhova, M. B. and Ferralli, J. and Chiquet, M. and Chiquet-Ehrismann, R.},
	urldate = {2015-01-23},
	date = {2011-10-01},
	langid = {english},
	file = {3477.full.pdf:C\:\\Users\\Patrick\\AppData\\Roaming\\Mozilla\\Firefox\\Profiles\\x2w60nha.default\\zotero\\storage\\9BWRE5ZF\\3477.full.pdf:application/pdf}
}

@article{katsch_actin-dependent_2012,
	title = {Actin-dependent activation of serum response factor in T cells by the viral oncoprotein tip},
	volume = {10},
	url = {http://www.biomedcentral.com/content/pdf/1478-811X-10-5.pdf},
	number = {5},
	journaltitle = {Cell Commun. Signal},
	author = {Katsch, Kristin and de Jong, Sarah Jill and Albrecht, Jens-Christian and Steger, Julia and Genth, Harald and Posern, Guido and Biesinger, Brigitte},
	urldate = {2013-10-21},
	date = {2012},
	file = {Actin-dependent activation of serum response factor in T cells by the viral oncoprotein tip - zotero\://attachment/21/:C\:\\Users\\Patrick\\AppData\\Roaming\\Mozilla\\Firefox\\Profiles\\x2w60nha.default\\zotero\\storage\\2CZA3GFW\\21.pdf:application/pdf}
}

@article{hayashi_differences_2013,
	title = {Differences in the Nuclear Export Mechanism between Myocardin and Myocardin-related Transcription Factor A},
	volume = {288},
	issn = {0021-9258, 1083-351X},
	url = {http://www.jbc.org/cgi/doi/10.1074/jbc.M112.408120},
	doi = {10.1074/jbc.M112.408120},
	pages = {5743--5755},
	number = {8},
	journaltitle = {Journal of Biological Chemistry},
	author = {Hayashi, K. and Morita, T.},
	urldate = {2015-01-30},
	date = {2013-02-22},
	langid = {english},
	file = {5743.full.pdf:C\:\\Users\\Patrick\\AppData\\Roaming\\Mozilla\\Firefox\\Profiles\\x2w60nha.default\\zotero\\storage\\F8N7UNS2\\5743.full.pdf:application/pdf}
}

@article{baarlink_nuclear_2013,
	title = {Nuclear Actin Network Assembly by Formins Regulates the {SRF} Coactivator {MAL}},
	volume = {340},
	issn = {0036-8075, 1095-9203},
	url = {http://www.sciencemag.org/cgi/doi/10.1126/science.1235038},
	doi = {10.1126/science.1235038},
	pages = {864--867},
	number = {6134},
	journaltitle = {Science},
	author = {Baarlink, C. and Wang, H. and Grosse, R.},
	urldate = {2013-10-21},
	date = {2013-04-04},
	file = {1235038Baarlink.SM.revision1.pdf:C\:\\Users\\Patrick\\AppData\\Roaming\\Mozilla\\Firefox\\Profiles\\x2w60nha.default\\zotero\\storage\\WX8SMSM7\\1235038Baarlink.SM.revision1.pdf:application/pdf}
}

@article{mercher_involvement_2001,
	title = {Involvement of a human gene related to the Drosophila spen gene in the recurrent t (1; 22) translocation of acute megakaryocytic leukemia},
	volume = {98},
	url = {http://www.pnas.org/content/98/10/5776.short},
	pages = {5776--5779},
	number = {10},
	journaltitle = {Proceedings of the National Academy of Sciences},
	author = {Mercher, Thomas and Busson-Le Coniat, Maryvonne and Monni, Richard and Mauchauffé, Martine and Khac, Florence Nguyen and Gressin, Laetitia and Mugneret, Francine and Leblanc, Thierry and Dastugue, Nicole and Berger, Roland and others},
	urldate = {2014-12-12},
	date = {2001},
	keywords = {MRTF-A, Serum Response Factor},
	file = {5776.full.pdf:C\:\\Users\\Patrick\\AppData\\Roaming\\Mozilla\\Firefox\\Profiles\\x2w60nha.default\\zotero\\storage\\HCXHM3JC\\5776.full.pdf:application/pdf}
}

@article{kerdivel_activation_2014,
	title = {Activation of the {MKL}1/actin signaling pathway induces hormonal escape in estrogen-responsive breast cancer cell lines},
	volume = {390},
	issn = {03037207},
	url = {http://linkinghub.elsevier.com/retrieve/pii/S0303720714001014},
	doi = {10.1016/j.mce.2014.03.009},
	pages = {34--44},
	number = {1},
	journaltitle = {Molecular and Cellular Endocrinology},
	author = {Kerdivel, Gwenneg and Boudot, Antoine and Habauzit, Denis and Percevault, Frederic and Demay, Florence and Pakdel, Farzad and Flouriot, Gilles},
	urldate = {2014-12-11},
	date = {2014-06},
	langid = {english},
	file = {1-s2.0-S0303720714001014-main.pdf:C\:\\Users\\Patrick\\AppData\\Roaming\\Mozilla\\Firefox\\Profiles\\x2w60nha.default\\zotero\\storage\\XJDIQEE4\\1-s2.0-S0303720714001014-main.pdf:application/pdf}
}

@thesis{collard_rodu_2013,
	location = {Paris},
	title = {Rôle du facteur de transcription Srf au cours de l'atrophie du muscle squelettique et dans les cellules satellites},
	institution = {Université Paris Descartes},
	type = {phdthesis},
	author = {Collard, Laura},
	date = {2013}
}

@article{pender_quantitation_1991,
	title = {Quantitation of actin polymerization in two human fibroblast sub-types responding to mechanical stretching},
	volume = {100},
	url = {http://jcs.biologists.org/content/100/1/187.short},
	pages = {187--193},
	number = {1},
	journaltitle = {Journal of cell science},
	author = {Pender, NEIL and McCulloch C. A.},
	urldate = {2013-10-21},
	date = {1991},
	keywords = {Actine, Etirement}
}

@article{gurbuz_sap_2014,
	title = {{SAP} domain-dependent Mkl1 signaling stimulates proliferation and cell migration by induction of a distinct gene set indicative of poor prognosis in breast cancer patients},
	volume = {13},
	url = {http://www.biomedcentral.com/content/pdf/1476-4598-13-22.pdf},
	pages = {22},
	number = {1},
	journaltitle = {Molecular cancer},
	author = {Gurbuz, Irem and Ferralli, Jacqueline and Roloff, Tim and Chiquet-Ehrismann, Ruth and Asparuhova, Maria B.},
	urldate = {2014-12-11},
	date = {2014},
	file = {1476-4598-13-22.pdf:C\:\\Users\\Patrick\\AppData\\Roaming\\Mozilla\\Firefox\\Profiles\\x2w60nha.default\\zotero\\storage\\IJU7WDWU\\1476-4598-13-22.pdf:application/pdf}
}

@article{busche_epithelial_2008,
	title = {Epithelial cell-cell contacts regulate {SRF}-mediated transcription via Rac-actin-{MAL} signalling},
	volume = {121},
	issn = {0021-9533, 1477-9137},
	url = {http://jcs.biologists.org/cgi/doi/10.1242/jcs.014456},
	doi = {10.1242/jcs.014456},
	pages = {1025--1035},
	number = {7},
	journaltitle = {Journal of Cell Science},
	author = {Busche, S. and Descot, A. and Julien, S. and Genth, H. and Posern, G.},
	urldate = {2013-10-21},
	date = {2008-03-11}
}

@article{chan_force-induced_2010,
	title = {Force-induced Myofibroblast Differentiation through Collagen Receptors Is Dependent on Mammalian Diaphanous ({mDia})},
	volume = {285},
	issn = {0021-9258, 1083-351X},
	url = {http://www.jbc.org/cgi/doi/10.1074/jbc.M109.075218},
	doi = {10.1074/jbc.M109.075218},
	pages = {9273--9281},
	number = {12},
	journaltitle = {Journal of Biological Chemistry},
	author = {Chan, M. W. C. and Chaudary, F. and Lee, W. and Copeland, J. W. and {McCulloch}, C. A.},
	urldate = {2013-10-21},
	date = {2010-01-13}
}

@article{scharenberg_megakaryoblastic_2010,
	title = {Megakaryoblastic leukemia protein-1 ({MKL}1): Increasing evidence for an involvement in cancer progression and metastasis},
	volume = {42},
	issn = {13572725},
	url = {http://linkinghub.elsevier.com/retrieve/pii/S1357272510002967},
	doi = {10.1016/j.biocel.2010.08.014},
	shorttitle = {Megakaryoblastic leukemia protein-1 ({MKL}1)},
	pages = {1911--1914},
	number = {12},
	journaltitle = {The International Journal of Biochemistry \& Cell Biology},
	author = {Scharenberg, Matthias A. and Chiquet-Ehrismann, Ruth and Asparuhova, Maria B.},
	urldate = {2014-12-11},
	date = {2010-12},
	langid = {english},
	file = {1-s2.0-S1357272510002967-main.pdf:C\:\\Users\\Patrick\\AppData\\Roaming\\Mozilla\\Firefox\\Profiles\\x2w60nha.default\\zotero\\storage\\IK9PN735\\1-s2.0-S1357272510002967-main.pdf:application/pdf}
}

@article{salvany_core_2014,
	title = {The core and conserved role of {MAL} is homeostatic regulation of actin levels},
	volume = {28},
	issn = {0890-9369},
	url = {http://genesdev.cshlp.org/cgi/doi/10.1101/gad.237743.114},
	doi = {10.1101/gad.237743.114},
	pages = {1048--1053},
	number = {10},
	journaltitle = {Genes \& Development},
	author = {Salvany, L. and Muller, J. and Guccione, E. and Rorth, P.},
	urldate = {2014-12-11},
	date = {2014-05-15},
	langid = {english},
	file = {1048.pdf:C\:\\Users\\Patrick\\AppData\\Roaming\\Mozilla\\Firefox\\Profiles\\x2w60nha.default\\zotero\\storage\\XJPHTFNZ\\1048.pdf:application/pdf}
}

@article{miralles_actin_2003,
	title = {Actin dynamics control {SRF} activity by regulation of its coactivator {MAL}},
	volume = {113},
	url = {http://www.sciencedirect.com/science/article/pii/S0092867403002782},
	pages = {329--342},
	number = {3},
	journaltitle = {Cell},
	author = {Miralles, Francesc and Posern, Guido and Zaromytidou, Alexia-Ileana and Treisman, Richard},
	urldate = {2013-10-21},
	date = {2003},
	keywords = {{MRTF}-A, Rôle non-mécanique de l'actine, Serum, Serum Response Factor}
}

@article{kalita_mkls:_2012,
	title = {{MKLs}: Co-factors of serum response factor ({SRF}) in neuronal responses},
	volume = {44},
	issn = {13572725},
	url = {http://linkinghub.elsevier.com/retrieve/pii/S1357272512001744},
	doi = {10.1016/j.biocel.2012.05.008},
	shorttitle = {{MKLs}},
	pages = {1444--1447},
	number = {9},
	journaltitle = {The International Journal of Biochemistry \& Cell Biology},
	author = {Kalita, Katarzyna and Kuzniewska, Bozena and Kaczmarek, Leszek},
	urldate = {2013-10-21},
	date = {2012-09}
}

@article{otterbein_crystal_2001,
	title = {The Crystal Structure of Uncomplexed Actin in the {ADP} State},
	volume = {293},
	issn = {0036-8075, 1095-9203},
	url = {http://www.sciencemag.org/cgi/doi/10.1126/science.1059700},
	doi = {10.1126/science.1059700},
	pages = {708--711},
	number = {5530},
	journaltitle = {Science},
	author = {Otterbein, L. R.},
	urldate = {2014-05-26},
	date = {2001-07-27},
	langid = {english},
	keywords = {Actine},
	file = {708.full.pdf:C\:\\Users\\Patrick\\AppData\\Roaming\\Mozilla\\Firefox\\Profiles\\x2w60nha.default\\zotero\\storage\\S2I7ERQC\\708.full.pdf:application/pdf}
}

@article{hung_direct_2011,
	title = {Direct Redox Regulation of F-Actin Assembly and Disassembly by Mical},
	volume = {334},
	issn = {0036-8075, 1095-9203},
	url = {http://www.sciencemag.org/cgi/doi/10.1126/science.1211956},
	doi = {10.1126/science.1211956},
	pages = {1710--1713},
	number = {6063},
	journaltitle = {Science},
	author = {Hung, R.-J. and Pak, C. W. and Terman, J. R.},
	urldate = {2014-05-26},
	date = {2011-12-23},
	langid = {english},
	file = {1710.full.pdf:C\:\\Users\\Patrick\\AppData\\Roaming\\Mozilla\\Firefox\\Profiles\\x2w60nha.default\\zotero\\storage\\2JGKB5GK\\1710.full.pdf:application/pdf}
}

@article{rajakyla_actin-regulated_2010,
	title = {An actin-regulated importin α/β-dependent extended bipartite {NLS} directs nuclear import of {MRTF}-A},
	volume = {29},
	url = {http://www.nature.com/emboj/journal/v29/n20/abs/emboj2010216a.html},
	pages = {3448--3458},
	number = {20},
	journaltitle = {The {EMBO} journal},
	author = {Rajakylä, Eeva Kaisa and Vartiainen, Maria K. and Treisman, Richard},
	urldate = {2013-10-21},
	date = {2010}
}

@article{wang_bone_2012,
	title = {Bone Morphogenetic Protein Signaling in Vascular Disease: {ANTI}-{INFLAMMATORY} {ACTION} {THROUGH} {MYOCARDIN}-{RELATED} {TRANSCRIPTION} {FACTOR} A},
	volume = {287},
	issn = {0021-9258, 1083-351X},
	url = {http://www.jbc.org/cgi/doi/10.1074/jbc.M112.379487},
	doi = {10.1074/jbc.M112.379487},
	shorttitle = {Bone Morphogenetic Protein Signaling in Vascular Disease},
	pages = {28067--28077},
	number = {33},
	journaltitle = {Journal of Biological Chemistry},
	author = {Wang, D. and Prakash, J. and Nguyen, P. and Davis-Dusenbery, B. N. and Hill, N. S. and Layne, M. D. and Hata, A. and Lagna, G.},
	urldate = {2014-12-11},
	date = {2012-08-10},
	langid = {english},
	file = {28067.full.pdf:C\:\\Users\\Patrick\\AppData\\Roaming\\Mozilla\\Firefox\\Profiles\\x2w60nha.default\\zotero\\storage\\7IZFER69\\28067.full.pdf:application/pdf}
}

@article{albinsson_stretch_2004,
	title = {Stretch of the Vascular Wall Induces Smooth Muscle Differentiation by Promoting Actin Polymerization},
	volume = {279},
	issn = {0021-9258, 1083-351X},
	url = {http://www.jbc.org/cgi/doi/10.1074/jbc.M403370200},
	doi = {10.1074/jbc.M403370200},
	pages = {34849--34855},
	number = {33},
	journaltitle = {Journal of Biological Chemistry},
	author = {Albinsson, S.},
	urldate = {2013-11-18},
	date = {2004-06-23},
	keywords = {Actine, Etirement},
	file = {34849.full.pdf:C\:\\Users\\Patrick\\AppData\\Roaming\\Mozilla\\Firefox\\Profiles\\x2w60nha.default\\zotero\\storage\\6CBM577J\\34849.full.pdf:application/pdf}
}

@article{rajakyla_rna_2015,
	title = {{RNA} export factor Ddx19 is required for nuclear import of the {SRF} coactivator {MKL}1},
	volume = {6},
	issn = {2041-1723},
	url = {http://www.nature.com/doifinder/10.1038/ncomms6978},
	doi = {10.1038/ncomms6978},
	pages = {5978},
	journaltitle = {Nature Communications},
	author = {Rajakylä, Eeva Kaisa and Viita, Tiina and Kyheröinen, Salla and Huet, Guillaume and Treisman, Richard and Vartiainen, Maria K.},
	urldate = {2015-01-30},
	date = {2015-01-14},
	file = {ncomms6978.pdf:C\:\\Users\\Patrick\\AppData\\Roaming\\Mozilla\\Firefox\\Profiles\\x2w60nha.default\\zotero\\storage\\P7IWMHJP\\ncomms6978.pdf:application/pdf}
}

@article{mcdonald_nucleoplasmic_2006,
	title = {Nucleoplasmic -actin exists in a dynamic equilibrium between low-mobility polymeric species and rapidly diffusing populations},
	volume = {172},
	issn = {0021-9525, 1540-8140},
	url = {http://www.jcb.org/cgi/doi/10.1083/jcb.200507101},
	doi = {10.1083/jcb.200507101},
	pages = {541--552},
	number = {4},
	journaltitle = {The Journal of Cell Biology},
	author = {McDonald, D.},
	urldate = {2014-05-23},
	date = {2006-02-06},
	langid = {english},
	file = {541.full.pdf:C\:\\Users\\Patrick\\AppData\\Roaming\\Mozilla\\Firefox\\Profiles\\x2w60nha.default\\zotero\\storage\\DEVMRMQM\\541.full.pdf:application/pdf}
}

@article{somogyi_evidence_2004,
	title = {Evidence for Tension-Based Regulation of{\textless} i{\textgreater} Drosophila{\textless}/i{\textgreater} {MAL} and {SRF} during Invasive Cell Migration},
	volume = {7},
	url = {http://www.sciencedirect.com/science/article/pii/S1534580704001819},
	pages = {85--93},
	number = {1},
	journaltitle = {Developmental cell},
	author = {Somogyi, Kálmán and Rørth, Pernille},
	urldate = {2013-10-21},
	date = {2004}
}

@article{witt_reversal_2014,
	title = {Reversal of myofibroblastic activation by polyunsaturated fatty acids in valvular interstitial cells from aortic valves. Role of {RhoA}/G-actin/{MRTF} signalling},
	volume = {74},
	issn = {00222828},
	url = {http://linkinghub.elsevier.com/retrieve/pii/S0022282814001618},
	doi = {10.1016/j.yjmcc.2014.05.008},
	pages = {127--138},
	journaltitle = {Journal of Molecular and Cellular Cardiology},
	author = {Witt, Wolfgang and Büttner, Petra and Jannasch, Anett and Matschke, Klaus and Waldow, Thomas},
	urldate = {2014-10-31},
	date = {2014-09},
	langid = {english}
}

@article{bjorkholm_development_2013,
	title = {Development of Hodgkin lymphoma in homozygotic triplets with constitutional deletion in {MKL}1},
	volume = {121},
	issn = {0006-4971, 1528-0020},
	url = {http://www.bloodjournal.org/cgi/doi/10.1182/blood-2013-02-469031},
	doi = {10.1182/blood-2013-02-469031},
	pages = {4807--4807},
	number = {23},
	journaltitle = {Blood},
	author = {Bjorkholm, M. and Sjoberg, J. and Nygell, U. A. and Porwit, A. and Bjorck, E.},
	urldate = {2014-12-11},
	date = {2013-06-06},
	langid = {english},
	file = {4807.full.pdf:C\:\\Users\\Patrick\\AppData\\Roaming\\Mozilla\\Firefox\\Profiles\\x2w60nha.default\\zotero\\storage\\QPWRMSF7\\4807.full.pdf:application/pdf}
}

@article{guerci_srf-dependent_2012,
	title = {Srf-Dependent Paracrine Signals Produced by Myofibers Control Satellite Cell-Mediated Skeletal Muscle Hypertrophy},
	volume = {15},
	issn = {15504131},
	url = {http://linkinghub.elsevier.com/retrieve/pii/S1550413111004591},
	doi = {10.1016/j.cmet.2011.12.001},
	pages = {25--37},
	number = {1},
	journaltitle = {Cell Metabolism},
	author = {Guerci, Aline and Lahoute, Charlotte and Hébrard, Sophie and Collard, Laura and Graindorge, Dany and Favier, Maryline and Cagnard, Nicolas and Batonnet-Pichon, Sabrina and Précigout, Guillaume and Garcia, Luis and Tuil, David and Daegelen, Dominique and Sotiropoulos, Athanassia},
	urldate = {2014-12-10},
	date = {2012-01},
	langid = {english},
	file = {1-s2.0-S1550413111004591-main.pdf:C\:\\Users\\Patrick\\AppData\\Roaming\\Mozilla\\Firefox\\Profiles\\x2w60nha.default\\zotero\\storage\\SA4ZBVUA\\1-s2.0-S1550413111004591-main.pdf:application/pdf}
}

@article{smith_induction_2013,
	title = {Induction of megakaryocyte differentiation drives nuclear accumulation and transcriptional function of {MKL}1 via actin polymerization and {RhoA} activation},
	volume = {121},
	url = {http://bloodjournal.hematologylibrary.org/content/121/7/1094.short},
	pages = {1094--1101},
	number = {7},
	journaltitle = {Blood},
	author = {Smith, Elenoe C. and Teixeira, Alexandra M. and Chen, Rachel C. and Wang, Lin and Gao, Yuan and Hahn, Katherine L. and Krause, Diane S.},
	urldate = {2014-12-11},
	date = {2013},
	file = {1094.full.pdf:C\:\\Users\\Patrick\\AppData\\Roaming\\Mozilla\\Firefox\\Profiles\\x2w60nha.default\\zotero\\storage\\HB9FG59U\\1094.full.pdf:application/pdf}
}

@article{lew_specific_1999,
	title = {Specific inhibition of skeletal α-actin gene transcription by applied mechanical forces through integrins and actin},
	volume = {341},
	url = {http://www.biochemj.org/bj/341/bj3410647.htm},
	pages = {647--653},
	journaltitle = {Biochem. J},
	author = {Lew, A. and GLOGAUER, Michael and MCCULLOCH, C.},
	urldate = {2013-10-21},
	date = {1999}
}

@article{kollmannsberger_nonlinear_2011,
	title = {Nonlinear viscoelasticity of adherent cells is controlled by cytoskeletal tension},
	volume = {7},
	issn = {1744-683X, 1744-6848},
	url = {http://xlink.rsc.org/?DOI=c0sm00833h},
	doi = {10.1039/c0sm00833h},
	pages = {3127},
	number = {7},
	journaltitle = {Soft Matter},
	author = {Kollmannsberger, Philip and Mierke, Claudia Tanja and Fabry, Ben},
	urldate = {2013-10-21},
	date = {2011},
	file = {Nonlinear viscoelasticity of adherent cells Kollmannsberger SoftMatter2011.pdf:C\:\\Users\\Patrick\\AppData\\Roaming\\Mozilla\\Firefox\\Profiles\\x2w60nha.default\\zotero\\storage\\XPVNTB7Z\\Nonlinear viscoelasticity of adherent cells Kollmannsberger SoftMatter2011.pdf:application/pdf}
}

@article{ziemann_local_1994,
	title = {Local measurements of viscoelastic moduli of entangled actin networks using an oscillating magnetic bead micro-rheometer},
	volume = {66},
	url = {http://www.sciencedirect.com/science/article/pii/S0006349594810173},
	pages = {2210--2216},
	number = {6},
	journaltitle = {Biophysical journal},
	author = {Ziemann, F. and Rädler, J. and Sackmann, E.},
	urldate = {2014-12-10},
	date = {1994},
	file = {3EF1A4F3d01.pdf:C\:\\Users\\Patrick\\AppData\\Roaming\\Mozilla\\Firefox\\Profiles\\x2w60nha.default\\zotero\\storage\\TXXNH9KK\\3EF1A4F3d01.pdf:application/pdf}
}

@article{chiquet_mechanotransduction_2009,
	title = {From mechanotransduction to extracellular matrix gene expression in fibroblasts},
	volume = {1793},
	issn = {01674889},
	url = {http://linkinghub.elsevier.com/retrieve/pii/S0167488909000342},
	doi = {10.1016/j.bbamcr.2009.01.012},
	pages = {911--920},
	number = {5},
	journaltitle = {Biochimica et Biophysica Acta ({BBA}) - Molecular Cell Research},
	author = {Chiquet, Matthias and Gelman, Laurent and Lutz, Roman and Maier, Silke},
	urldate = {2015-01-22},
	date = {2009-05},
	langid = {english},
	file = {1-s2.0-S0167488909000342-main.pdf:C\:\\Users\\Patrick\\AppData\\Roaming\\Mozilla\\Firefox\\Profiles\\x2w60nha.default\\zotero\\storage\\ACKV4EX7\\1-s2.0-S0167488909000342-main.pdf:application/pdf}
}

@article{ho_lamin_2013,
	title = {Lamin A/C and emerin regulate {MKL}1–{SRF} activity by modulating actin dynamics},
	volume = {497},
	issn = {0028-0836, 1476-4687},
	url = {http://www.nature.com/doifinder/10.1038/nature12105},
	doi = {10.1038/nature12105},
	pages = {507--511},
	number = {7450},
	journaltitle = {Nature},
	author = {Ho, Chin Yee and Jaalouk, Diana E. and Vartiainen, Maria K. and Lammerding, Jan},
	urldate = {2015-01-21},
	date = {2013-05-05},
	file = {nature12105.pdf:C\:\\Users\\Patrick\\AppData\\Roaming\\Mozilla\\Firefox\\Profiles\\x2w60nha.default\\zotero\\storage\\3GN5A4SI\\nature12105.pdf:application/pdf}
}

@article{skarp_actin_2010,
	title = {Actin on {DNA}—an ancient and dynamic relationship},
	volume = {67},
	url = {http://onlinelibrary.wiley.com/doi/10.1002/cm.20464/full},
	pages = {487--495},
	number = {8},
	journaltitle = {Cytoskeleton},
	author = {Skarp, Kari-Pekka and Vartiainen, Maria K.},
	urldate = {2015-01-22},
	date = {2010},
	file = {20464_ftp.pdf:C\:\\Users\\Patrick\\AppData\\Roaming\\Mozilla\\Firefox\\Profiles\\x2w60nha.default\\zotero\\storage\\399JPFWQ\\20464_ftp.pdf:application/pdf}
}

@article{miralles_actin_2006,
	title = {Actin in transcription and transcription regulation},
	volume = {18},
	issn = {09550674},
	url = {http://linkinghub.elsevier.com/retrieve/pii/S0955067406000597},
	doi = {10.1016/j.ceb.2006.04.009},
	pages = {261--266},
	number = {3},
	journaltitle = {Current Opinion in Cell Biology},
	author = {Miralles, Francesc and Visa, Neus},
	urldate = {2014-12-17},
	date = {2006-06},
	langid = {english},
	file = {1-s2.0-S0955067406000597-main.pdf:C\:\\Users\\Patrick\\AppData\\Roaming\\Mozilla\\Firefox\\Profiles\\x2w60nha.default\\zotero\\storage\\K2QKZKVN\\1-s2.0-S0955067406000597-main.pdf:application/pdf}
}

@article{lundquist_redox_2014,
	title = {Redox Modification of Nuclear Actin by {MICAL}-2 Regulates {SRF} Signaling},
	volume = {156},
	issn = {00928674},
	url = {http://linkinghub.elsevier.com/retrieve/pii/S0092867413016048},
	doi = {10.1016/j.cell.2013.12.035},
	pages = {563--576},
	number = {3},
	journaltitle = {Cell},
	author = {Lundquist, Mark R. and Storaska, Andrew J. and Liu, Ting-Chun and Larsen, Scott D. and Evans, Todd and Neubig, Richard R. and Jaffrey, Samie R.},
	urldate = {2014-05-22},
	date = {2014-01},
	langid = {english},
	keywords = {Actine, Actine nucléaire, {MICAL}, {MRTF}-A, Rôle non-mécanique de l'actine},
	file = {0.pdf:C\:\\Users\\Patrick\\AppData\\Roaming\\Mozilla\\Firefox\\Profiles\\x2w60nha.default\\zotero\\storage\\5CMBGRW4\\0.pdf:application/pdf}
}

@article{dopie_active_2012,
	title = {Active maintenance of nuclear actin by importin 9 supports transcription},
	volume = {109},
	url = {http://www.pnas.org/content/109/9/E544.short},
	pages = {E544--E552},
	number = {9},
	journaltitle = {Proceedings of the National Academy of Sciences},
	author = {Dopie, Joseph and Skarp, Kari-Pekka and Rajakylä, Eeva Kaisa and Tanhuanpää, Kimmo and Vartiainen, Maria K.},
	urldate = {2013-10-21},
	date = {2012}
}

@article{cen_myocardin/mkl_2004,
	title = {Myocardin/{MKL} family of {SRF} coactivators: Key regulators of immediate early and muscle specific gene expression},
	volume = {93},
	issn = {0730-2312, 1097-4644},
	url = {http://doi.wiley.com/10.1002/jcb.20199},
	doi = {10.1002/jcb.20199},
	shorttitle = {Myocardin/{MKL} family of {SRF} coactivators},
	pages = {74--82},
	number = {1},
	journaltitle = {Journal of Cellular Biochemistry},
	author = {Cen, Bo and Selvaraj, Ahalya and Prywes, Ron},
	urldate = {2014-12-12},
	date = {2004-09-01},
	langid = {english},
	keywords = {{MRTF}-A, Review},
	file = {20199_ftp.pdf:C\:\\Users\\Patrick\\AppData\\Roaming\\Mozilla\\Firefox\\Profiles\\x2w60nha.default\\zotero\\storage\\RN4H4F5P\\20199_ftp.pdf:application/pdf}
}

@article{grosse_be_2013,
	title = {To be or not to be assembled: progressing into nuclear actin filaments},
	volume = {14},
	url = {http://www.nature.com/nrm/journal/v14/n11/abs/nrm3681.html},
	shorttitle = {To be or not to be assembled},
	pages = {693--697},
	number = {11},
	journaltitle = {Nature Reviews Molecular Cell Biology},
	author = {Grosse, Robert and Vartiainen, Maria K.},
	urldate = {2014-05-07},
	date = {2013},
	file = {0.pdf:C\:\\Users\\Patrick\\AppData\\Roaming\\Mozilla\\Firefox\\Profiles\\x2w60nha.default\\zotero\\storage\\W2EWGHQT\\0.pdf:application/pdf}
}

@article{evelyn_ccg-1423:_2007,
	title = {{CCG}-1423: a small-molecule inhibitor of {RhoA} transcriptional signaling},
	volume = {6},
	issn = {1535-7163, 1538-8514},
	url = {http://mct.aacrjournals.org/cgi/doi/10.1158/1535-7163.MCT-06-0782},
	doi = {10.1158/1535-7163.MCT-06-0782},
	shorttitle = {{CCG}-1423},
	pages = {2249--2260},
	number = {8},
	journaltitle = {Molecular Cancer Therapeutics},
	author = {Evelyn, C. R. and Wade, S. M. and Wang, Q. and Wu, M. and Iniguez-Lluhi, J. A. and Merajver, S. D. and Neubig, R. R.},
	urldate = {2014-05-27},
	date = {2007-08-01},
	langid = {english},
	file = {2249.full.pdf:C\:\\Users\\Patrick\\AppData\\Roaming\\Mozilla\\Firefox\\Profiles\\x2w60nha.default\\zotero\\storage\\KZTCFDWJ\\2249.full.pdf:application/pdf}
}

@article{busche_e-cadherin_2010,
	title = {E-cadherin regulates {MAL}-{SRF}-mediated transcription in epithelial cells},
	volume = {123},
	issn = {0021-9533, 1477-9137},
	url = {http://jcs.biologists.org/cgi/doi/10.1242/jcs.061887},
	doi = {10.1242/jcs.061887},
	pages = {2803--2809},
	number = {16},
	journaltitle = {Journal of Cell Science},
	author = {Busche, S. and Kremmer, E. and Posern, G.},
	urldate = {2013-10-21},
	date = {2010-07-27}
}

@article{iyer_mechanical_2012,
	title = {Mechanical Activation of Cells Induces Chromatin Remodeling Preceding {MKL} Nuclear Transport},
	volume = {103},
	issn = {00063495},
	url = {http://linkinghub.elsevier.com/retrieve/pii/S0006349512009678},
	doi = {10.1016/j.bpj.2012.08.041},
	pages = {1416--1428},
	number = {7},
	journaltitle = {Biophysical Journal},
	author = {Iyer, K. Venkatesan and Pulford, S. and Mogilner, A. and Shivashankar, G.V.},
	urldate = {2013-10-21},
	date = {2012-10}
}

@article{rajakyla_rho_2014,
	title = {Rho, nuclear actin, and actin-binding proteins in the regulation of transcription and gene expression},
	volume = {5},
	issn = {2154-1248, 2154-1256},
	url = {http://www.tandfonline.com/doi/abs/10.4161/sgtp.27539},
	doi = {10.4161/sgtp.27539},
	pages = {e27539},
	number = {1},
	journaltitle = {Small {GTPases}},
	author = {Rajakylä, Eeva Kaisa and Vartiainen, Maria K},
	urldate = {2015-01-26},
	date = {2014-01},
	langid = {english},
	file = {sgtp.pdf:C\:\\Users\\Patrick\\AppData\\Roaming\\Mozilla\\Firefox\\Profiles\\x2w60nha.default\\zotero\\storage\\953UE56B\\sgtp.pdf:application/pdf}
}
