@article{mendez_transcription_2012,
	title = {Transcription factor regulation by mechanical stress},
	volume = {44},
	issn = {13572725},
	url = {http://linkinghub.elsevier.com/retrieve/pii/S1357272512000477},
	doi = {10.1016/j.biocel.2012.02.003},
	pages = {728--732},
	number = {5},
	author = {Mendez, Melissa G. and Janmey, Paul A.},
	urldate = {2013-10-21},
	date = {2012-05},
	file = {Transcription factor regulation by mechanical stress Janmey Int J Biochem Cell Biol 2012.pdf:D\:\\Lorraine\\articles\\Transcription factor regulation by mechanical stress Janmey Int J Biochem Cell Biol 2012.pdf:application/pdf}
}

@article{kamgoue_estimation_2007,
	title = {Estimation of Cell Young’s Modulus of Adherent Cells Probed by Optical and Magnetic Tweezers: Influence of Cell Thickness and Bead Immersion},
	volume = {129},
	issn = {01480731},
	url = {http://Biomechanical.asmedigitalcollection.asme.org/article.aspx?articleid=1419497},
	doi = {10.1115/1.2746374},
	shorttitle = {Estimation of Cell Young’s Modulus of Adherent Cells Probed by Optical and Magnetic Tweezers},
	pages = {523},
	number = {4},
	author = {Kamgoué, Alain and Ohayon, Jacques and Tracqui, Philippe},
	urldate = {2015-06-05},
	date = {2007},
	langid = {english},
	file = {0.pdf:C\:\\Users\\Lorraine\\AppData\\Roaming\\Mozilla\\Firefox\\Profiles\\iteebgdq.default\\zotero\\storage\\X6ZK89IJ\\0.pdf:application/pdf}
}

@article{esnault_rho-actin_2014,
	title = {Rho-actin signaling to the MRTF coactivators dominates the immediate transcriptional response to serum in fibroblasts},
	volume = {28},
	issn = {0890-9369},
	url = {http://genesdev.cshlp.org/cgi/doi/10.1101/gad.239327.114},
	doi = {10.1101/gad.239327.114},
	pages = {943--958},
	number = {9},
	author = {Esnault, C. and Stewart, A. and Gualdrini, F. and East, P. and Horswell, S. and Matthews, N. and Treisman, R.},
	urldate = {2015-01-13},
	date = {2014-05-01},
	langid = {english},
	file = {943.full.pdf:C\:\\Users\\Lorraine\\AppData\\Roaming\\Mozilla\\Firefox\\Profiles\\iteebgdq.default\\zotero\\storage\\D2QNF3G8\\943.full.pdf:application/pdf;943.full.pdf:C\:\\Users\\Lorraine\\AppData\\Roaming\\Mozilla\\Firefox\\Profiles\\iteebgdq.default\\zotero\\storage\\AU93QMSH\\943.full.pdf:application/pdf}
}

@article{sauzeau_cyclic_2000,
	title = {Cyclic GMP-dependent Protein Kinase Signaling Pathway Inhibits RhoA-induced Ca2+ Sensitization of Contraction in Vascular Smooth Muscle},
	volume = {275},
	issn = {00219258},
	url = {http://www.jbc.org/cgi/doi/10.1074/jbc.M000753200},
	doi = {10.1074/jbc.M000753200},
	pages = {21722--21729},
	number = {28},
	author = {Sauzeau, V.},
	urldate = {2013-11-18},
	date = {2000-04-26},
	file = {21722.full.pdf:C\:\\Users\\Lorraine\\AppData\\Roaming\\Mozilla\\Firefox\\Profiles\\iteebgdq.default\\zotero\\storage\\WPFEK24F\\21722.full.pdf:application/pdf}
}

@article{pollard_quantitative_1984,
	title = {Quantitative analysis of the effect of Acanthamoeba profilin on actin filament nucleation and elongation},
	volume = {23},
	url = {http://pubs.acs.org/doi/abs/10.1021/bi00321a054},
	pages = {6631--6641},
	number = {26},
	author = {Pollard, Thomas D. and Cooper, John A.},
	urldate = {2015-07-01},
	date = {1984},
	file = {bi00321a054.pdf:C\:\\Users\\Lorraine\\AppData\\Roaming\\Mozilla\\Firefox\\Profiles\\iteebgdq.default\\zotero\\storage\\3W5H2AJP\\bi00321a054.pdf:application/pdf}
}

@article{lebensohn_activation_2009,
	title = {Activation of the WAVE Complex by Coincident Signals Controls Actin Assembly},
	volume = {36},
	issn = {10972765},
	url = {http://linkinghub.elsevier.com/retrieve/pii/S1097276509007898},
	doi = {10.1016/j.molcel.2009.10.024},
	pages = {512--524},
	number = {3},
	author = {Lebensohn, Andres M. and Kirschner, Marc W.},
	urldate = {2015-07-03},
	date = {2009-11},
	langid = {english},
	file = {1-s2.0-S1097276509007898-main.pdf:C\:\\Users\\Lorraine\\AppData\\Roaming\\Mozilla\\Firefox\\Profiles\\iteebgdq.default\\zotero\\storage\\HF4ZKU9X\\1-s2.0-S1097276509007898-main.pdf:application/pdf}
}

@article{furuike_mechanical_2001,
	title = {Mechanical unfolding of single filamin A (ABP-280) molecules detected by atomic force microscopy},
	volume = {498},
	issn = {0014-5793},
	url = {http://www.sciencedirect.com/science/article/pii/S0014579301024978},
	doi = {10.1016/S0014-5793(01)02497-8},
	pages = {72--75},
	number = {1},
	journaltitle = {{FEBS} Letters},
	author = {Furuike, Shou and Ito, Tadanao and Yamazaki, Masahito},
	date = {2001-06-01},
	keywords = {Actin/filamin A gel, Atomic force microscopy, Cytoskeleton, Mechanical response of cell, Mechanical unfolding},
	file = {1-s2.0-S0014579301024978-main.pdf:C\:\\Users\\Lorraine\\AppData\\Roaming\\Mozilla\\Firefox\\Profiles\\iteebgdq.default\\zotero\\storage\\Q3HP2ZEB\\1-s2.0-S0014579301024978-main.pdf:application/pdf}
}

@article{janmey_tissue_2013,
	title = {From tissue mechanics to transcription factors},
	volume = {86},
	issn = {03014681},
	url = {http://linkinghub.elsevier.com/retrieve/pii/S0301468113000613},
	doi = {10.1016/j.diff.2013.07.004},
	pages = {112--120},
	number = {3},
	author = {Janmey, Paul A. and Wells, Rebecca G. and Assoian, Richard K. and McCulloch, Christopher A.},
	urldate = {2013-10-21},
	date = {2013-10},
	file = {revue mechanotransd and transcrip 2013.pdf:D\:\\Lorraine\\articles\\revue mechanotransd and transcrip 2013.pdf:application/pdf}
}

@article{luo_molecular_2013,
	title = {Molecular mechanisms of cellular mechanosensing},
	volume = {12},
	issn = {1476-1122, 1476-4660},
	url = {http://www.nature.com/doifinder/10.1038/nmat3772},
	doi = {10.1038/nmat3772},
	pages = {1064--1071},
	number = {11},
	author = {Luo, Tianzhi and Mohan, Krithika and Iglesias, Pablo A. and Robinson, Douglas N.},
	urldate = {2015-03-02},
	date = {2013-10-20},
	file = {nmat3772.pdf:C\:\\Users\\Lorraine\\AppData\\Roaming\\Mozilla\\Firefox\\Profiles\\iteebgdq.default\\zotero\\storage\\3EWSGJW5\\nmat3772.pdf:application/pdf}
}

@article{gjorevski_regulation_2011,
	title = {Regulation of Epithelial-Mesenchymal Transition by Transmission of Mechanical Stress through Epithelial Tissues},
	volume = {5},
	issn = {1875-2292, 1875-2284},
	url = {http://link.springer.com/10.1007/s12307-011-0076-5},
	doi = {10.1007/s12307-011-0076-5},
	pages = {29--38},
	number = {1},
	author = {Gjorevski, Nikolce and Boghaert, Eline and Nelson, Celeste M.},
	urldate = {2013-10-21},
	date = {2011-07-12},
	file = {art%3A10.1007%2Fs12307-011-0076-5.pdf:D\:\\Lorraine\\articles\\art%3A10.1007%2Fs12307-011-0076-5.pdf:application/pdf}
}

@article{charvet_new_2006,
	title = {New Role for Serum Response Factor in Postnatal Skeletal Muscle Growth and Regeneration via the Interleukin 4 and Insulin-Like Growth Factor 1 Pathways},
	volume = {26},
	issn = {0270-7306},
	url = {http://mcb.asm.org/cgi/doi/10.1128/MCB.00138-06},
	doi = {10.1128/MCB.00138-06},
	pages = {6664--6674},
	number = {17},
	author = {Charvet, C. and Houbron, C. and Parlakian, A. and Giordani, J. and Lahoute, C. and Bertrand, A. and Sotiropoulos, A. and Renou, L. and Schmitt, A. and Melki, J. and Li, Z. and Daegelen, D. and Tuil, D.},
	urldate = {2015-06-17},
	date = {2006-09-01},
	langid = {english},
	file = {6664.full.pdf:C\:\\Users\\Lorraine\\AppData\\Roaming\\Mozilla\\Firefox\\Profiles\\iteebgdq.default\\zotero\\storage\\SE6RG6V8\\6664.full.pdf:application/pdf}
}

@article{galbraith_relationship_2002,
	title = {The relationship between force and focal complex development},
	volume = {159},
	issn = {00219525, 15408140},
	url = {http://www.jcb.org/cgi/doi/10.1083/jcb.200204153},
	doi = {10.1083/jcb.200204153},
	pages = {695--705},
	number = {4},
	author = {Galbraith, C. G.},
	urldate = {2015-07-02},
	date = {2002-11-25},
	file = {695.full.pdf:C\:\\Users\\Lorraine\\AppData\\Roaming\\Mozilla\\Firefox\\Profiles\\iteebgdq.default\\zotero\\storage\\DX7AANA8\\695.full.pdf:application/pdf}
}

@article{hirano_sensing_2011,
	title = {Sensing actin dynamics: Structural basis for G-actin-sensitive nuclear import of MAL},
	volume = {414},
	issn = {0006291X},
	url = {http://linkinghub.elsevier.com/retrieve/pii/S0006291X11016834},
	doi = {10.1016/j.bbrc.2011.09.079},
	shorttitle = {Sensing actin dynamics},
	pages = {373--378},
	number = {2},
	author = {Hirano, Hidemi and Matsuura, Yoshiyuki},
	urldate = {2013-10-21},
	date = {2011-10},
	file = {1-s2.0-S0006291X11016834-main.pdf:D\:\\Lorraine\\articles\\1-s2.0-S0006291X11016834-main.pdf:application/pdf;mmc1.doc:C\:\\Users\\Lorraine\\Downloads\\mmc1.doc:application/msword}
}

@article{gardel_stress-dependent_2006,
	title = {Stress-Dependent Elasticity of Composite Actin Networks as a Model for Cell Behavior},
	volume = {96},
	url = {http://link.aps.org/doi/10.1103/PhysRevLett.96.088102},
	pages = {088102},
	number = {8},
	journaltitle = {Phys. Rev. Lett.},
	author = {Gardel, M. L. and Nakamura, F. and Hartwig, J. and Crocker, J. C. and Stossel, T. P. and Weitz, D. A.},
	date = {2006-03-03},
	file = {PhysRevLett.96.088102.pdf:C\:\\Users\\Lorraine\\AppData\\Roaming\\Mozilla\\Firefox\\Profiles\\iteebgdq.default\\zotero\\storage\\JRSH6MVF\\PhysRevLett.96.088102.pdf:application/pdf}
}

@article{kim_cytoskeletal_2008,
	title = {Cytoskeletal remodeling in differentiated vascular smooth muscle is actin isoform dependent and stimulus dependent},
	volume = {295},
	issn = {0363-6143, 1522-1563},
	url = {http://ajpcell.physiology.org/cgi/doi/10.1152/ajpcell.00174.2008},
	doi = {10.1152/ajpcell.00174.2008},
	pages = {C768--C778},
	number = {3},
	author = {Kim, H. R. and Gallant, C. and Leavis, P. C. and Gunst, S. J. and Morgan, K. G.},
	urldate = {2013-11-18},
	date = {2008-09-01},
	file = {C768.full.pdf:C\:\\Users\\Lorraine\\AppData\\Roaming\\Mozilla\\Firefox\\Profiles\\iteebgdq.default\\zotero\\storage\\EKW7S5MU\\C768.full.pdf:application/pdf}
}

@article{huang_matrix_2012,
	title = {Matrix Stiffness–Induced Myofibroblast Differentiation Is Mediated by Intrinsic Mechanotransduction},
	volume = {47},
	issn = {1044-1549, 1535-4989},
	url = {http://www.atsjournals.org/doi/abs/10.1165/rcmb.2012-0050OC},
	doi = {10.1165/rcmb.2012-0050OC},
	pages = {340--348},
	number = {3},
	author = {Huang, Xiangwei and Yang, Naiheng and Fiore, Vincent F. and Barker, Thomas H. and Sun, Yi and Morris, Stephan W. and Ding, Qiang and Thannickal, Victor J. and Zhou, Yong},
	urldate = {2013-10-21},
	date = {2012-09},
	file = {rcmb%2E2012-0050oc.pdf:D\:\\Lorraine\\articles\\rcmb%2E2012-0050oc.pdf:application/pdf}
}

@article{vartiainen_nuclear_2007,
	title = {Nuclear Actin Regulates Dynamic Subcellular Localization and Activity of the SRF Cofactor MAL},
	volume = {316},
	issn = {0036-8075, 1095-9203},
	url = {http://www.sciencemag.org/cgi/doi/10.1126/science.1141084},
	doi = {10.1126/science.1141084},
	pages = {1749--1752},
	number = {5832},
	author = {Vartiainen, M. K. and Guettler, S. and Larijani, B. and Treisman, R.},
	urldate = {2013-10-21},
	date = {2007-06-22},
	file = {1749.full.pdf:D\:\\Lorraine\\articles\\1749.full.pdf:application/pdf}
}


@article{lange_kinase_2005,
	title = {The Kinase Domain of Titin Controls Muscle Gene Expression and Protein Turnover},
	volume = {308},
	url = {http://www.sciencemag.org/content/308/5728/1599.abstract},
	doi = {10.1126/science.1110463},
	abstract = {The giant sarcomeric protein titin contains a protein kinase domain ({TK}) ideally positioned to sense mechanical load. We identified a signaling complex where {TK} interacts with the zinc-finger protein nbr1 through a mechanically inducible conformation. Nbr1 targets the ubiquitin-associated p62/{SQSTM}1 to sarcomeres, and p62 in turn interacts with {MuRF}2, a muscle-specific {RING}-B-box E3 ligase and ligand of the transactivation domain of the serum response transcription factor ({SRF}). Nuclear translocation of {MuRF}2 was induced by mechanical inactivity and caused reduction of nuclear {SRF} and repression of transcription. A human mutation in the titin protein kinase domain causes hereditary muscle disease by disrupting this pathway.},
	pages = {1599--1603},
	number = {5728},
	journaltitle = {Science},
	author = {Lange, Stephan and Xiang, Fengqing and Yakovenko, Andrey and Vihola, Anna and Hackman, Peter and Rostkova, Elena and Kristensen, Jakob and Brandmeier, Birgit and Franzen, Gereon and Hedberg, Birgitta and Gunnarsson, Lars Gunnar and Hughes, Simon M. and Marchand, Sylvie and Sejersen, Thomas and Richard, Isabelle and Edström, Lars and Ehler, Elisabeth and Udd, Bjarne and Gautel, Mathias},
	date = {2005-06-10}
}

@article{vartiainen_nuclear_2008,
	title = {Nuclear actin dynamics – From form to function},
	volume = {582},
	issn = {00145793},
	url = {http://linkinghub.elsevier.com/retrieve/pii/S0014579308003244},
	doi = {10.1016/j.febslet.2008.04.010},
	pages = {2033--2040},
	number = {14},
	author = {Vartiainen, Maria K.},
	urldate = {2013-10-21},
	date = {2008-06},
	file = {1-s2.0-S0014579308003244-main.pdf:D\:\\Lorraine\\articles\\1-s2.0-S0014579308003244-main.pdf:application/pdf}
}

@article{daldrop_extending_2015,
	title = {Extending the Range for Force Calibration in Magnetic Tweezers},
	volume = {108},
	issn = {00063495},
	url = {http://linkinghub.elsevier.com/retrieve/pii/S0006349515003896},
	doi = {10.1016/j.bpj.2015.04.011},
	pages = {2550--2561},
	number = {10},
	author = {Daldrop, Peter and Brutzer, Hergen and Huhle, Alexander and Kauert, Dominik J. and Seidel, Ralf},
	urldate = {2015-07-06},
	date = {2015-05},
	langid = {english},
	file = {1-s2.0-S0006349515003896-main.pdf:C\:\\Users\\Lorraine\\AppData\\Roaming\\Mozilla\\Firefox\\Profiles\\iteebgdq.default\\zotero\\storage\\22Q4K77K\\1-s2.0-S0006349515003896-main.pdf:application/pdf}
}

@article{treisman_structure_2011,
	title = {Structure of a Pentavalent G-Actin* MRTF-A Complex Reveals How G-Actin},
	url = {http://www.researchgate.net/profile/Stephane_Mouilleron2/publication/51219331_Structure_of_a_pentavalent_G-actin*MRTF-A_complex_reveals_how_G-actin_controls_nucleocytoplasmic_shuttling_of_a_transcriptional_coactivator/links/0912f5065bb6d82872000000.pdf},
	author = {Treisman, Richard and Mouilleron, Stéphane and Langer, Carola A. and Guettler, Sebastian and McDonald, Neil Q.},
	urldate = {2015-02-02},
	date = {2011},
	file = {Sci Signal 2011 Mouilleron.pdf:C\:\\Users\\Lorraine\\AppData\\Roaming\\Mozilla\\Firefox\\Profiles\\iteebgdq.default\\zotero\\storage\\FNVFTBBN\\Sci Signal 2011 Mouilleron.pdf:application/pdf}
}

@article{wei_rhoa_1998,
	title = {RhoA signaling via serum response factor plays an obligatory role in myogenic differentiation},
	volume = {273},
	url = {http://www.jbc.org/content/273/46/30287.short},
	pages = {30287--30294},
	number = {46},
	author = {Wei, Lei and Zhou, Wei and Croissant, Jeffrey D. and Johansen, Finn-Erik and Prywes, Ron and Balasubramanyam, Ashok and Schwartz, Robert J.},
	urldate = {2015-06-16},
	date = {1998},
	file = {30287.full.pdf:C\:\\Users\\Lorraine\\AppData\\Roaming\\Mozilla\\Firefox\\Profiles\\iteebgdq.default\\zotero\\storage\\8QR4RDDC\\30287.full.pdf:application/pdf}
}

@article{vonna_micromechanics_2007,
	title = {Micromechanics of filopodia mediated capture of pathogens by macrophages},
	volume = {36},
	issn = {0175-7571, 1432-1017},
	url = {http://link.springer.com/10.1007/s00249-006-0118-y},
	doi = {10.1007/s00249-006-0118-y},
	pages = {145--151},
	number = {2},
	author = {Vonna, L. and Wiedemann, A. and Aepfelbacher, M. and Sackmann, E.},
	urldate = {2015-07-03},
	date = {2007-01-25},
	langid = {english},
	file = {art%3A10.1007%2Fs00249-006-0118-y.pdf:C\:\\Users\\Lorraine\\AppData\\Roaming\\Mozilla\\Firefox\\Profiles\\iteebgdq.default\\zotero\\storage\\65BPD57U\\art%3A10.1007%2Fs00249-006-0118-y.pdf:application/pdf}
}

@article{hayakawa_actin_2011,
	title = {Actin filaments function as a tension sensor by tension-dependent binding of cofilin to the filament},
	volume = {195},
	issn = {0021-9525, 1540-8140},
	url = {http://www.jcb.org/cgi/doi/10.1083/jcb.201102039},
	doi = {10.1083/jcb.201102039},
	pages = {721--727},
	number = {5},
	author = {Hayakawa, K. and Tatsumi, H. and Sokabe, M.},
	urldate = {2015-07-01},
	date = {2011-11-28},
	langid = {english},
	file = {721.full.pdf:C\:\\Users\\Lorraine\\AppData\\Roaming\\Mozilla\\Firefox\\Profiles\\iteebgdq.default\\zotero\\storage\\X8JNVEPX\\721.full.pdf:application/pdf}
}

@article{zhao_force_2007,
	title = {Force activates smooth muscle -actin promoter activity through the Rho signaling pathway},
	volume = {120},
	issn = {0021-9533, 1477-9137},
	url = {http://jcs.biologists.org/cgi/doi/10.1242/jcs.001586},
	doi = {10.1242/jcs.001586},
	pages = {1801--1809},
	number = {10},
	author = {Zhao, X.-H. and Laschinger, C. and Arora, P. and Szaszi, K. and Kapus, A. and McCulloch, C. A.},
	urldate = {2013-10-21},
	date = {2007-04-24},
	file = {1801.full.pdf:D\:\\Lorraine\\articles\\1801.full.pdf:application/pdf}
}

@article{gerber_blood-borne_2013,
	title = {Blood-Borne Circadian Signal Stimulates Daily Oscillations in Actin Dynamics and SRF Activity},
	volume = {152},
	issn = {00928674},
	url = {http://linkinghub.elsevier.com/retrieve/pii/S0092867412015498},
	doi = {10.1016/j.cell.2012.12.027},
	pages = {492--503},
	number = {3},
	author = {Gerber, Alan and Esnault, Cyril and Aubert, Gregory and Treisman, Richard and Pralong, François and Schibler, Ueli},
	urldate = {2013-10-21},
	date = {2013-01},
	file = {1-s2.0-S0092867412015498-main.pdf:D\:\\Lorraine\\articles\\1-s2.0-S0092867412015498-main.pdf:application/pdf}
}

@article{grummt_actin_2006,
	title = {Actin and myosin as transcription factors},
	volume = {16},
	issn = {0959437X},
	url = {http://linkinghub.elsevier.com/retrieve/pii/S0959437X06000232},
	doi = {10.1016/j.gde.2006.02.001},
	pages = {191--196},
	number = {2},
	author = {Grummt, Ingrid},
	urldate = {2014-12-17},
	date = {2006-04},
	langid = {english},
	file = {1-s2.0-S0959437X06000232-main.pdf:C\:\\Users\\Lorraine\\AppData\\Roaming\\Mozilla\\Firefox\\Profiles\\iteebgdq.default\\zotero\\storage\\GE7645EZ\\1-s2.0-S0959437X06000232-main.pdf:application/pdf}
}

@article{grosberg_evolution_2007,
	title = {The Evolution of Multicellularity: A Minor Major Transition?},
	volume = {38},
	issn = {1543-592X, 1545-2069},
	url = {http://www.annualreviews.org/doi/abs/10.1146/annurev.ecolsys.36.102403.114735},
	doi = {10.1146/annurev.ecolsys.36.102403.114735},
	shorttitle = {The Evolution of Multicellularity},
	pages = {621--654},
	number = {1},
	author = {Grosberg, Richard K. and Strathmann, Richard R.},
	urldate = {2015-06-26},
	date = {2007-12},
	langid = {english},
	file = {2007 Grosberg & Strathmann.AREES.pdf:C\:\\Users\\Lorraine\\AppData\\Roaming\\Mozilla\\Firefox\\Profiles\\iteebgdq.default\\zotero\\storage\\MX2WQU93\\2007 Grosberg & Strathmann.AREES.pdf:application/pdf}
}

@article{bergert_cell_2012,
	title = {Cell mechanics control rapid transitions between blebs and lamellipodia during migration},
	volume = {109},
	url = {http://www.pnas.org/content/109/36/14434.short},
	pages = {14434--14439},
	number = {36},
	author = {Bergert, Martin and Chandradoss, Stanley D. and Desai, Ravi A. and Paluch, Ewa},
	urldate = {2015-07-03},
	date = {2012},
	file = {14434.full.pdf:C\:\\Users\\Lorraine\\AppData\\Roaming\\Mozilla\\Firefox\\Profiles\\iteebgdq.default\\zotero\\storage\\WJAA4NP6\\14434.full.pdf:application/pdf}
}

@article{hochmuth_micropipette_2000,
	title = {Micropipette aspiration of living cells},
	volume = {33},
	url = {http://www.sciencedirect.com/science/article/pii/S002192909900175X},
	pages = {15--22},
	number = {1},
	author = {Hochmuth, Robert M.},
	urldate = {2015-06-24},
	date = {2000},
	file = {1-s2.0-S002192909900175X-main.pdf:C\:\\Users\\Lorraine\\AppData\\Roaming\\Mozilla\\Firefox\\Profiles\\iteebgdq.default\\zotero\\storage\\XXBM58WP\\1-s2.0-S002192909900175X-main.pdf:application/pdf;1-s2.0-S002192909900175X-main.pdf:C\:\\Users\\Lorraine\\AppData\\Roaming\\Mozilla\\Firefox\\Profiles\\iteebgdq.default\\zotero\\storage\\UCEICDN7\\1-s2.0-S002192909900175X-main.pdf:application/pdf}
}

@article{maier_tenascin-c_2008,
	title = {Tenascin-C induction by cyclic strain requires integrin-linked kinase},
	volume = {1783},
	issn = {01674889},
	url = {http://linkinghub.elsevier.com/retrieve/pii/S0167488908000335},
	doi = {10.1016/j.bbamcr.2008.01.013},
	pages = {1150--1162},
	number = {6},
	author = {Maier, Silke and Lutz, Roman and Gelman, Laurent and Sarasa-Renedo, Ana and Schenk, Susanne and Grashoff, Carsten and Chiquet, Matthias},
	urldate = {2015-01-12},
	date = {2008-06},
	langid = {english},
	file = {1-s2.0-S0167488908000335-main.pdf:C\:\\Users\\Lorraine\\AppData\\Roaming\\Mozilla\\Firefox\\Profiles\\iteebgdq.default\\zotero\\storage\\VX2D237Q\\1-s2.0-S0167488908000335-main.pdf:application/pdf}
}

@article{ferron_structural_2007,
	title = {Structural basis for the recruitment of profilin–actin complexes during filament elongation by Ena/VASP},
	volume = {26},
	url = {http://emboj.embopress.org/content/26/21/4597.abstract},
	pages = {4597--4606},
	number = {21},
	author = {Ferron, François and Rebowski, Grzegorz and Lee, Sung Haeng and Dominguez, Roberto},
	urldate = {2015-07-01},
	date = {2007},
	file = {4597.full.pdf:C\:\\Users\\Lorraine\\AppData\\Roaming\\Mozilla\\Firefox\\Profiles\\iteebgdq.default\\zotero\\storage\\4PDD3Q3G\\4597.full.pdf:application/pdf}
}

@article{small_actin_1995,
	title = {Actin filament organization in the fish keratocyte lamellipodium.},
	volume = {129},
	url = {http://jcb.rupress.org/content/129/5/1275.abstract},
	pages = {1275--1286},
	number = {5},
	author = {Small, J. Victor and Herzog, Monika and Anderson, Kurt},
	urldate = {2015-07-03},
	date = {1995},
	file = {1275.full.pdf:C\:\\Users\\Lorraine\\AppData\\Roaming\\Mozilla\\Firefox\\Profiles\\iteebgdq.default\\zotero\\storage\\MBTEIKIM\\1275.full.pdf:application/pdf;1275.full.pdf:C\:\\Users\\Lorraine\\AppData\\Roaming\\Mozilla\\Firefox\\Profiles\\iteebgdq.default\\zotero\\storage\\UQDFR7GU\\1275.full.pdf:application/pdf}
}

@article{skarp_steady-state_2013,
	title = {Steady-state nuclear actin levels are determined by export competent actin pool},
	volume = {70},
	url = {http://onlinelibrary.wiley.com/doi/10.1002/cm.21116/full},
	pages = {623--634},
	number = {10},
	author = {Skarp, Kari-Pekka and Huet, Guillaume and Vartiainen, Maria K.},
	urldate = {2014-05-23},
	date = {2013},
	keywords = {Actine, Actine nucléaire, Rôle non-mécanique de l'actine},
	file = {cm21116.pdf:C\:\\Users\\Lorraine\\AppData\\Roaming\\Mozilla\\Firefox\\Profiles\\iteebgdq.default\\zotero\\storage\\6SK29UKM\\cm21116.pdf:application/pdf}
}

@article{soltow_cessation_2013,
	title = {Cessation of cyclic stretch induces atrophy of C2C12 myotubes},
	volume = {434},
	issn = {0006291X},
	url = {http://linkinghub.elsevier.com/retrieve/pii/S0006291X13004816},
	doi = {10.1016/j.bbrc.2013.03.048},
	pages = {316--321},
	number = {2},
	author = {Soltow, Quinlyn A. and Zeanah, Elizabeth H. and Lira, Vitor A. and Criswell, David S.},
	urldate = {2015-01-22},
	date = {2013-05},
	langid = {english},
	file = {1-s2.0-S0006291X13004816-main.pdf:C\:\\Users\\Lorraine\\AppData\\Roaming\\Mozilla\\Firefox\\Profiles\\iteebgdq.default\\zotero\\storage\\6KAZCP3R\\1-s2.0-S0006291X13004816-main.pdf:application/pdf}
}

@article{chesarone_actin_2009,
	title = {Actin nucleation and elongation factors: mechanisms and interplay},
	volume = {21},
	issn = {09550674},
	url = {http://linkinghub.elsevier.com/retrieve/pii/S0955067408001981},
	doi = {10.1016/j.ceb.2008.12.001},
	shorttitle = {Actin nucleation and elongation factors},
	pages = {28--37},
	number = {1},
	author = {Chesarone, Melissa A and Goode, Bruce L},
	urldate = {2015-02-20},
	date = {2009-02},
	langid = {english},
	file = {1-s2.0-S0955067408001981-main.pdf:C\:\\Users\\Lorraine\\AppData\\Roaming\\Mozilla\\Firefox\\Profiles\\iteebgdq.default\\zotero\\storage\\3WJH3QEC\\1-s2.0-S0955067408001981-main.pdf:application/pdf}
}

@article{gacoin_measurement_2006,
	title = {Measurement of the mechanical properties of thin films mechanically confined within contacts},
	volume = {21},
	issn = {1023-8883, 1573-2711},
	url = {http://link.springer.com/10.1007/s11249-006-9030-y},
	doi = {10.1007/s11249-006-9030-y},
	pages = {245--252},
	number = {3},
	author = {Gacoin, E. and Fretigny, C. and Chateauminois, A. and Perriot, A. and Barthel, E.},
	urldate = {2015-05-29},
	date = {2006-03},
	langid = {english},
	file = {0.pdf:C\:\\Users\\Lorraine\\AppData\\Roaming\\Mozilla\\Firefox\\Profiles\\iteebgdq.default\\zotero\\storage\\KKCNHB7N\\0.pdf:application/pdf}
}

@article{laurent_assessment_2002,
	title = {Assessment of Mechanical Properties of Adherent Living Cells by Bead Micromanipulation: Comparison of Magnetic Twisting Cytometry vs Optical Tweezers},
	volume = {124},
	issn = {01480731},
	url = {http://Biomechanical.asmedigitalcollection.asme.org/article.aspx?articleid=1408310},
	doi = {10.1115/1.1485285},
	shorttitle = {Assessment of Mechanical Properties of Adherent Living Cells by Bead Micromanipulation},
	pages = {408},
	number = {4},
	author = {Laurent, Valérie M. and Hénon, Sylvie and Planus, Emmanuelle and Fodil, Redouane and Balland, Martial and Isabey, Daniel and Gallet, François},
	urldate = {2015-05-29},
	date = {2002},
	langid = {english},
	file = {0.pdf:C\:\\Users\\Lorraine\\AppData\\Roaming\\Mozilla\\Firefox\\Profiles\\iteebgdq.default\\zotero\\storage\\WTEXNS32\\0.pdf:application/pdf}
}

@article{luo_histone_2014,
	title = {Histone methyltransferase SMYD3 promotes MRTF-A-mediated transactivation of MYL9 and migration of MCF-7 breast cancer cells},
	volume = {344},
	issn = {03043835},
	url = {http://linkinghub.elsevier.com/retrieve/pii/S0304383513007556},
	doi = {10.1016/j.canlet.2013.10.026},
	pages = {129--137},
	number = {1},
	author = {Luo, Xue-Gang and Zhang, Chun-Ling and Zhao, Wen-Wen and Liu, Zhi-Peng and Liu, Lei and Mu, Ai and Guo, Shu and Wang, Nan and Zhou, Hao and Zhang, Tong-Cun},
	urldate = {2014-10-31},
	date = {2014-03},
	langid = {english},
	file = {1-s2.0-S0304383513007556-main.pdf:C\:\\Users\\Lorraine\\AppData\\Roaming\\Mozilla\\Firefox\\Profiles\\iteebgdq.default\\zotero\\storage\\EPDSQZ25\\1-s2.0-S0304383513007556-main.pdf:application/pdf}
}

@article{paul_role_2008,
	title = {The Role of the FH1 Domain and Profilin in Formin-Mediated Actin-Filament Elongation and Nucleation},
	volume = {18},
	issn = {09609822},
	url = {http://linkinghub.elsevier.com/retrieve/pii/S0960982207023482},
	doi = {10.1016/j.cub.2007.11.062},
	pages = {9--19},
	number = {1},
	author = {Paul, Aditya and Pollard, Thomas},
	urldate = {2015-07-06},
	date = {2008-01},
	langid = {english},
	file = {1-s2.0-S0960982207023482-main.pdf:C\:\\Users\\Lorraine\\AppData\\Roaming\\Mozilla\\Firefox\\Profiles\\iteebgdq.default\\zotero\\storage\\WTSQQPGG\\1-s2.0-S0960982207023482-main.pdf:application/pdf}
}

@article{treisman_identification_1987,
	title = {Identification and purification of a polypeptide that binds to the c-fos serum response element.},
	volume = {6},
	url = {http://www.ncbi.nlm.nih.gov/pmc/articles/PMC553694/},
	pages = {2711},
	number = {9},
	author = {Treisman, Richard},
	urldate = {2015-02-03},
	date = {1987},
	file = {emboj00249-0201.pdf:C\:\\Users\\Lorraine\\AppData\\Roaming\\Mozilla\\Firefox\\Profiles\\iteebgdq.default\\zotero\\storage\\PSQDEZJ7\\emboj00249-0201.pdf:application/pdf}
}

@article{fabry_signal_2001,
	title = {Signal Transduction in Smooth Muscle: Selected Contribution: Time course and heterogeneity of contractile responses in cultured human airway smooth muscle cells},
	volume = {91},
	url = {http://faculty.washington.edu/nsniadec/ME599/S09/private/10Fabry.pdf},
	shorttitle = {Signal Transduction in Smooth Muscle},
	pages = {986--994},
	number = {2},
	author = {Fabry, Ben and Maksym, {GEOFFREY} N. and Shore, {STEPHANIE} A. and Moore, {PAUL} E. and Panettieri, Reynold A. and Butler, {JAMES} P. and Fredberg, {JEFFREY} J.},
	urldate = {2015-06-24},
	date = {2001},
	file = {986.full.pdf:C\:\\Users\\Lorraine\\AppData\\Roaming\\Mozilla\\Firefox\\Profiles\\iteebgdq.default\\zotero\\storage\\HK5E2CUZ\\986.full.pdf:application/pdf}
}

@article{allioux-guerin_spatiotemporal_2009,
	title = {Spatiotemporal Analysis of Cell Response to a Rigidity Gradient: A Quantitative Study Using Multiple Optical Tweezers},
	volume = {96},
	issn = {00063495},
	url = {http://linkinghub.elsevier.com/retrieve/pii/S0006349508000180},
	doi = {10.1529/biophysj.108.134627},
	shorttitle = {Spatiotemporal Analysis of Cell Response to a Rigidity Gradient},
	pages = {238--247},
	number = {1},
	author = {Allioux-Guérin, Myriam and Icard-Arcizet, Delphine and Durieux, Christiane and Hénon, Sylvie and Gallet, François and Mevel, Jean-Claude and Masse, Marie-Jo and Tramier, Marc and Coppey-Moisan, Maïté},
	urldate = {2013-10-21},
	date = {2009-01},
	file = {Allioux BiophysJ 09.pdf:D\:\\Lorraine\\articles\\Allioux BiophysJ 09.pdf:application/pdf}
}

@article{coughlin_filamin-and_2006,
	title = {Filamin-A and Rheological Properties of Cultured Melanoma Cells},
	volume = {90},
	issn = {00063495},
	url = {http://linkinghub.elsevier.com/retrieve/pii/S0006349506724043},
	doi = {10.1529/biophysj.105.061267},
	pages = {2199--2205},
	number = {6},
	author = {Coughlin, Mark F. and Puig-de-Morales, Marina and Bursac, Predrag and Mellema, Matthew and Millet, Emil and Fredberg, Jeffrey J.},
	urldate = {2015-07-06},
	date = {2006-03},
	langid = {english},
	file = {1-s2.0-S0006349506724043-main.pdf:C\:\\Users\\Lorraine\\AppData\\Roaming\\Mozilla\\Firefox\\Profiles\\iteebgdq.default\\zotero\\storage\\I4CASKH4\\1-s2.0-S0006349506724043-main.pdf:application/pdf}
}

@article{higashida_f-_2013,
	title = {F- and G-actin homeostasis regulates mechanosensitive actin nucleation by formins},
	volume = {15},
	issn = {1465-7392},
	url = {http://dx.doi.org/10.1038/ncb2693},
	doi = {10.1038/ncb2693},
	pages = {395--405},
	number = {4},
	journaltitle = {Nat Cell Biol},
	author = {Higashida, Chiharu and Kiuchi, Tai and Akiba, Yushi and Mizuno, Hiroaki and Maruoka, Masahiro and Narumiya, Shuh and Mizuno, Kensaku and Watanabe, Naoki},
	date = {2013-04}
}

@article{belin_visualization_2013,
	title = {Visualization of actin filaments and monomers in somatic cell nuclei},
	volume = {24},
	url = {http://www.molbiolcell.org/content/24/7/982.short},
	pages = {982--994},
	number = {7},
	author = {Belin, Brittany J. and Cimini, Beth A. and Blackburn, Elizabeth H. and Mullins, R. Dyche},
	urldate = {2014-05-23},
	date = {2013},
	file = {982.full.pdf:C\:\\Users\\Lorraine\\AppData\\Roaming\\Mozilla\\Firefox\\Profiles\\iteebgdq.default\\zotero\\storage\\X35Z47JD\\982.full.pdf:application/pdf}
}

@thesis{balland_etude_2004,
	title = {Etude microrhéologique du réseau d'actine de cellules en culture en présence de facteurs biochimiques modifiant sa dynamique},
	url = {https://tel.archives-ouvertes.fr/tel-00009607/},
	institution = {Université Paris-Diderot-Paris {VII}},
	type = {phdthesis},
	author = {Balland, Martial},
	urldate = {2015-06-22},
	date = {2004},
	file = {document.pdf:C\:\\Users\\Lorraine\\AppData\\Roaming\\Mozilla\\Firefox\\Profiles\\iteebgdq.default\\zotero\\storage\\6G2PZ39H\\document.pdf:application/pdf}
}

@article{connelly_actin_2010,
	title = {Actin and serum response factor transduce physical cues from the microenvironment to regulate epidermal stem cell fate decisions},
	volume = {12},
	url = {http://www.nature.com/ncb/journal/vaop/ncurrent/full/ncb2074.html},
	pages = {711--718},
	number = {7},
	author = {Connelly, John T. and Gautrot, Julien E. and Trappmann, Britta and Tan, David Wei-Min and Donati, Giacomo and Huck, Wilhelm {TS} and Watt, Fiona M.},
	urldate = {2013-10-21},
	date = {2010},
	file = {Actin and SRF transduce physical cues to regulate stem cell fate decisions Nature Cell Biology 2010.pdf:D\:\\Lorraine\\articles\\Actin and SRF transduce physical cues to regulate stem cell fate decisions Nature Cell Biology 2010.pdf:application/pdf;Actin and SRF transduce physical cues to regulate stem cell fate decisions Nature Cell Biology 2010.pdf:C\:\\Users\\Lorraine\\AppData\\Roaming\\Mozilla\\Firefox\\Profiles\\iteebgdq.default\\zotero\\storage\\VSGJZ38X\\Actin and SRF transduce physical cues to regulate stem cell fate decisions Nature Cell Biology 2010.pdf:application/pdf}
}

@article{milzani_oxidation_2000,
	title = {The oxidation produced by hydrogen peroxide on Ca-ATP-G-actin},
	volume = {9},
	url = {http://onlinelibrary.wiley.com/doi/10.1110/ps.9.9.1774/abstract},
	pages = {1774--1782},
	number = {9},
	author = {Milzani, Aldo and Rossi, Ranieri and Simplicio, Paolo Di and Giustarini, Daniela and Colombo, Roberto and Dalledonne, Isabella},
	urldate = {2014-06-02},
	date = {2000},
	file = {11045622.pdf:C\:\\Users\\Lorraine\\AppData\\Roaming\\Mozilla\\Firefox\\Profiles\\iteebgdq.default\\zotero\\storage\\FMJHUA8R\\11045622.pdf:application/pdf}
}

@article{kalita_role_2006,
	title = {Role of Megakaryoblastic Acute Leukemia-1 in ERK1/2-Dependent Stimulation of Serum Response Factor-Driven Transcription by BDNF or Increased Synaptic Activity},
	volume = {26},
	issn = {0270-6474, 1529-2401},
	url = {http://www.jneurosci.org/cgi/doi/10.1523/JNEUROSCI.2644-06.2006},
	doi = {10.1523/JNEUROSCI.2644-06.2006},
	pages = {10020--10032},
	number = {39},
	author = {Kalita, K. and Kharebava, G. and Zheng, J.-J. and Hetman, M.},
	urldate = {2015-02-02},
	date = {2006-09-27},
	langid = {english},
	file = {10020.full.pdf:C\:\\Users\\Lorraine\\AppData\\Roaming\\Mozilla\\Firefox\\Profiles\\iteebgdq.default\\zotero\\storage\\SXUG2D3V\\10020.full.pdf:application/pdf}
}

@article{howard_mechanical_2009,
	title = {Mechanical Signaling in Networks of Motor and Cytoskeletal Proteins},
	volume = {38},
	issn = {1936-122X, 1936-1238},
	url = {http://www.annualreviews.org/doi/abs/10.1146/annurev.biophys.050708.133732},
	doi = {10.1146/annurev.biophys.050708.133732},
	pages = {217--234},
	number = {1},
	author = {Howard, Jonathon},
	urldate = {2015-03-02},
	date = {2009-06},
	langid = {english},
	file = {annurev.biophys.050708.pdf:C\:\\Users\\Lorraine\\AppData\\Roaming\\Mozilla\\Firefox\\Profiles\\iteebgdq.default\\zotero\\storage\\A3CJKXZ8\\annurev.biophys.050708.pdf:application/pdf}
}

@article{blanchoin_actin_2014,
	title = {Actin Dynamics, Architecture, and Mechanics in Cell Motility},
	volume = {94},
	issn = {0031-9333, 1522-1210},
	url = {http://physrev.physiology.org/cgi/doi/10.1152/physrev.00018.2013},
	doi = {10.1152/physrev.00018.2013},
	pages = {235--263},
	number = {1},
	author = {Blanchoin, L. and Boujemaa-Paterski, R. and Sykes, C. and Plastino, J.},
	urldate = {2015-03-05},
	date = {2014-01-01},
	langid = {english},
	file = {235.full.pdf:C\:\\Users\\Lorraine\\AppData\\Roaming\\Mozilla\\Firefox\\Profiles\\iteebgdq.default\\zotero\\storage\\FIU4DF3H\\235.full.pdf:application/pdf}
}

@article{mouilleron_molecular_2008,
	title = {Molecular basis for G-actin binding to RPEL motifs from the serum response factor coactivator MAL},
	volume = {27},
	url = {http://www.nature.com/emboj/journal/vaop/ncurrent/full/emboj2008235a.html},
	pages = {3198--3208},
	number = {23},
	author = {Mouilleron, Stephane and Guettler, Sebastian and Langer, Carola A. and Treisman, Richard and McDonald, Neil Q.},
	urldate = {2013-10-21},
	date = {2008},
	file = {emboj2008235a.pdf:D\:\\Lorraine\\articles\\emboj2008235a.pdf:application/pdf}
}

@article{vicente_photobleaching_2007,
	title = {Photobleaching correction in fluorescence microscopy images},
	volume = {90},
	issn = {1742-6596},
	url = {http://stacks.iop.org/1742-6596/90/i=1/a=012068?key=crossref.9b6f0c2c9594d34bac0eaef566da2225},
	doi = {10.1088/1742-6596/90/1/012068},
	pages = {012068},
	author = {Vicente, Nathalie B and Zamboni, Javier E Diaz and Adur, Javier F and Paravani, Enrique V and Casco, Víctor H},
	urldate = {2013-11-21},
	date = {2007-11-01},
	file = {jpconf7_90_012068.pdf:C\:\\Users\\Lorraine\\AppData\\Roaming\\Mozilla\\Firefox\\Profiles\\iteebgdq.default\\zotero\\storage\\GBRWEWJD\\jpconf7_90_012068.pdf:application/pdf}
}

@article{wang_potentiation_2002,
	title = {Potentiation of serum response factor activity by a family of myocardin-related transcription factors},
	volume = {99},
	url = {http://www.pnas.org/content/99/23/14855.short},
	pages = {14855--14860},
	number = {23},
	author = {Wang, Da-Zhi and Li, Shijie and Hockemeyer, Dirk and Sutherland, Lillian and Wang, Zhigao and Schratt, Gerhard and Richardson, James A. and Nordheim, Alfred and Olson, Eric N.},
	urldate = {2014-12-11},
	date = {2002},
	file = {14855.full.pdf:C\:\\Users\\Lorraine\\AppData\\Roaming\\Mozilla\\Firefox\\Profiles\\iteebgdq.default\\zotero\\storage\\W7EPHV3P\\14855.full.pdf:application/pdf}
}

@article{valignat_lymphocytes_2014,
	title = {Lymphocytes can self-steer passively with wind vane uropods},
	volume = {5},
	url = {http://dx.doi.org/10.1038/ncomms6213},
	abstract = {A wide variety of cells migrate directionally in response to chemical or mechanical cues, however the mechanisms involved in cue detection and translation into directed movement are debatable. Here we investigate a model of lymphocyte migration on the inner surface of blood vessels. Cells orient their migration against fluid flow, suggesting the existence of an adaptive mechano-tranduction mechanism. We find that flow detection may not require molecular mechano-sensors of shear stress, and detection of flow direction can be achieved by the orientation in the flow of the non-adherent cell rear, the uropod. Uropods act as microscopic wind vanes that can transmit detection of flow direction into cell steering via the on-going machinery of polarity maintenance, without the need for novel internal guidance signalling triggered by flow. Contrary to chemotaxis, which implies active regulation of cue-dependent signalling, upstream flow mechanotaxis of lymphocytes may only rely on a passive self-steering mechanism.},
	journaltitle = {Nat Commun},
	author = {Valignat, Marie-Pierre and Nègre, Paulin and Cadra, Sophie and Lellouch, Annemarie C and Gallet, François and Hénon, Sylvie and Theodoly, Olivier},
	date = {2014-10-17}
}

@article{sotiropoulos_signal-regulated_1999,
	title = {Signal-regulated activation of serum response factor is mediated by changes in actin dynamics},
	volume = {98},
	url = {http://www.sciencedirect.com/science/article/pii/S0092867400810119},
	pages = {159--169},
	number = {2},
	author = {Sotiropoulos, Athanassia and Gineitis, Dziugas and Copeland, John and Treisman, Richard},
	urldate = {2014-12-10},
	date = {1999},
	keywords = {Actine, Serum, Serum Response Factor},
	file = {1-s2.0-S0092867400810119-main.pdf:C\:\\Users\\Lorraine\\AppData\\Roaming\\Mozilla\\Firefox\\Profiles\\iteebgdq.default\\zotero\\storage\\4UCGVSE9\\1-s2.0-S0092867400810119-main.pdf:application/pdf}
}

@article{pitaval_cell_2010,
	title = {Cell shape and contractility regulate ciliogenesis in cell cycle-arrested cells},
	volume = {191},
	issn = {0021-9525, 1540-8140},
	url = {http://www.jcb.org/cgi/doi/10.1083/jcb.201004003},
	doi = {10.1083/jcb.201004003},
	pages = {303--312},
	number = {2},
	author = {Pitaval, A. and Tseng, Q. and Bornens, M. and Thery, M.},
	urldate = {2013-10-21},
	date = {2010-10-18},
	file = {PitavalTsengThery_EpithelialCiliogenesisAdhesion-Dependence_JCellBiol_2010.pdf:D\:\\Lorraine\\articles\\PitavalTsengThery_EpithelialCiliogenesisAdhesion-Dependence_JCellBiol_2010.pdf:application/pdf}
}

@article{wilson_myosin_2010,
	title = {Myosin II contributes to cell-scale actin network treadmilling through network disassembly},
	volume = {465},
	issn = {0028-0836, 1476-4687},
	url = {http://www.nature.com/doifinder/10.1038/nature08994},
	doi = {10.1038/nature08994},
	pages = {373--377},
	number = {7296},
	author = {Wilson, Cyrus A. and Tsuchida, Mark A. and Allen, Greg M. and Barnhart, Erin L. and Applegate, Kathryn T. and Yam, Patricia T. and Ji, Lin and Keren, Kinneret and Danuser, Gaudenz and Theriot, Julie A.},
	urldate = {2015-07-03},
	date = {2010-05-20},
	file = {nature08994.pdf:C\:\\Users\\Lorraine\\AppData\\Roaming\\Mozilla\\Firefox\\Profiles\\iteebgdq.default\\zotero\\storage\\SAEGUNJ4\\nature08994.pdf:application/pdf}
}

@article{gomez_tissue_2010,
	title = {Tissue geometry patterns epithelial-mesenchymal transition via intercellular mechanotransduction},
	issn = {07302312, 10974644},
	url = {http://doi.wiley.com/10.1002/jcb.22545},
	doi = {10.1002/jcb.22545},
	pages = {n/a--n/a},
	author = {Gomez, Esther W. and Chen, Qike K. and Gjorevski, Nikolce and Nelson, Celeste M.},
	urldate = {2014-03-03},
	date = {2010},
	file = {22545_ftp.pdf:C\:\\Users\\Lorraine\\AppData\\Roaming\\Mozilla\\Firefox\\Profiles\\iteebgdq.default\\zotero\\storage\\UFMTH8CZ\\22545_ftp.pdf:application/pdf}
}

@article{spudich_myosin_2001,
	title = {The myosin swinging cross-bridge model},
	volume = {2},
	issn = {1471-0072},
	url = {http://dx.doi.org/10.1038/35073086},
	doi = {10.1038/35073086},
	pages = {387--392},
	number = {5},
	journaltitle = {Nat Rev Mol Cell Biol},
	author = {Spudich, James A.},
	date = {2001-05}
}

@article{hu_role_2004,
	title = {A role for G-actin in RNA polymerase III transcription},
	volume = {18},
	issn = {0890-9369},
	url = {http://www.genesdev.org/cgi/doi/10.1101/gad.1250804},
	doi = {10.1101/gad.1250804},
	pages = {3010--3015},
	number = {24},
	author = {Hu, P.},
	urldate = {2015-07-01},
	date = {2004-12-15},
	langid = {english},
	file = {3010.full.pdf:C\:\\Users\\Lorraine\\AppData\\Roaming\\Mozilla\\Firefox\\Profiles\\iteebgdq.default\\zotero\\storage\\AQ6NMVUJ\\3010.full.pdf:application/pdf}
}

@article{romero_atp-mediated_2011,
	title = {ATP-Mediated Erk1/2 Activation Stimulates Bacterial Capture by Filopodia, which Precedes Shigella Invasion of Epithelial Cells},
	volume = {9},
	issn = {19313128},
	url = {http://linkinghub.elsevier.com/retrieve/pii/S1931312811001697},
	doi = {10.1016/j.chom.2011.05.005},
	pages = {508--519},
	number = {6},
	author = {Romero, Stéphane and Grompone, Gianfranco and Carayol, Nathalie and Mounier, Joëlle and Guadagnini, Stéphanie and Prevost, Marie-Christine and Sansonetti, Philippe J. and Tran Van Nhieu, Guy},
	urldate = {2015-07-03},
	date = {2011-06},
	langid = {english},
	file = {1-s2.0-S1931312811001697-main.pdf:C\:\\Users\\Lorraine\\AppData\\Roaming\\Mozilla\\Firefox\\Profiles\\iteebgdq.default\\zotero\\storage\\AICZ6NNN\\1-s2.0-S1931312811001697-main.pdf:application/pdf}
}

@article{rowlands_directing_2008,
	title = {Directing osteogenic and myogenic differentiation of MSCs: interplay of stiffness and adhesive ligand presentation},
	volume = {295},
	issn = {0363-6143, 1522-1563},
	url = {http://ajpcell.physiology.org/cgi/doi/10.1152/ajpcell.67.2008},
	doi = {10.1152/ajpcell.67.2008},
	shorttitle = {Directing osteogenic and myogenic differentiation of MSCs},
	pages = {C1037--C1044},
	number = {4},
	author = {Rowlands, A. S. and George, P. A. and Cooper-White, J. J.},
	urldate = {2015-01-22},
	date = {2008-10-01},
	langid = {english},
	file = {C1037.full.pdf:C\:\\Users\\Lorraine\\AppData\\Roaming\\Mozilla\\Firefox\\Profiles\\iteebgdq.default\\zotero\\storage\\7H9RFS5U\\C1037.full.pdf:application/pdf}
}

@article{jain_cell_2013,
	title = {Cell geometric constraints induce modular gene-expression patterns via redistribution of HDAC3 regulated by actomyosin contractility},
	volume = {110},
	url = {http://www.pnas.org/content/110/28/11349.short},
	pages = {11349--11354},
	number = {28},
	author = {Jain, Nikhil and Iyer, K. Venkatesan and Kumar, Abhishek and Shivashankar, G. V.},
	urldate = {2013-10-21},
	date = {2013},
	file = {Cell geometric constraints induce modular gene-expression patterns via redistribution of HDAC3 regulated by actomyosin contractility Shivashanka PNAS2013.pdf:D\:\\Lorraine\\articles\\Cell geometric constraints induce modular gene-expression patterns via redistribution of HDAC3 regulated by actomyosin contractility Shivashanka PNAS2013.pdf:application/pdf;geometrie cell and transcription PNAS-2013-Jain-11349-54.pdf:D\:\\Lorraine\\articles\\geometrie cell and transcription PNAS-2013-Jain-11349-54.pdf:application/pdf}
}

@article{schmucker_drosophila_2000,
	title = {Drosophila Dscam Is an Axon Guidance Receptor Exhibiting Extraordinary Molecular Diversity},
	volume = {101},
	issn = {0092-8674},
	url = {http://www.sciencedirect.com/science/article/pii/S0092867400808788},
	doi = {10.1016/S0092-8674(00)80878-8},
	pages = {671--684},
	number = {6},
	journaltitle = {Cell},
	author = {Schmucker, Dietmar and Clemens, James C and Shu, Huidy and Worby, Carolyn A and Xiao, Jian and Muda, Marco and Dixon, Jack E and Zipursky, S.Lawrence},
	date = {2000-06-09},
	file = {1-s2.0-S0092867400808788-main.pdf:C\:\\Users\\Lorraine\\AppData\\Roaming\\Mozilla\\Firefox\\Profiles\\iteebgdq.default\\zotero\\storage\\Z2EE935V\\1-s2.0-S0092867400808788-main.pdf:application/pdf}
}

@online{center_for_history_and_new_media_guide_????,
	title = {Guide rapide pour débuter},
	url = {http://zotero.org/support/quick_start_guide},
	author = {{Center for History and New Media}},
	file = {Transcription factor regulation by mechanical stress Janmey Int J Biochem Cell Biol 2012.pdf:C\:\\Users\\Lorraine\\AppData\\Roaming\\Mozilla\\Firefox\\Profiles\\iteebgdq.default\\zotero\\storage\\WSPUTXJJ\\Transcription factor regulation by mechanical stress Janmey Int J Biochem Cell Biol 2012.pdf:application/pdf}
}

@article{riedl_lifeact:_2008,
	title = {Lifeact: a versatile marker to visualize F-actin},
	volume = {5},
	issn = {1548-7091},
	url = {http://dx.doi.org/10.1038/nmeth.1220},
	doi = {10.1038/nmeth.1220},
	pages = {605--607},
	number = {7},
	journaltitle = {Nat Meth},
	author = {Riedl, Julia and Crevenna, Alvaro H and Kessenbrock, Kai and Yu, Jerry Haochen and Neukirchen, Dorothee and Bista, Michal and Bradke, Frank and Jenne, Dieter and Holak, Tad A and Werb, Zena and Sixt, Michael and Wedlich-Soldner, Roland},
	date = {2008-07}
}

@article{ciobanasu_integrating_2013,
	title = {Integrating actin dynamics, mechanotransduction and integrin activation: The multiple functions of actin binding proteins in focal adhesions},
	volume = {92},
	issn = {01719335},
	url = {http://linkinghub.elsevier.com/retrieve/pii/S017193351300068X},
	doi = {10.1016/j.ejcb.2013.10.009},
	shorttitle = {Integrating actin dynamics, mechanotransduction and integrin activation},
	pages = {339--348},
	number = {10},
	author = {Ciobanasu, Corina and Faivre, Bruno and Le Clainche, Christophe},
	urldate = {2015-02-19},
	date = {2013-10},
	langid = {english},
	file = {1-s2.0-S017193351300068X-main.pdf:C\:\\Users\\Lorraine\\AppData\\Roaming\\Mozilla\\Firefox\\Profiles\\iteebgdq.default\\zotero\\storage\\8XJKRB4R\\1-s2.0-S017193351300068X-main.pdf:application/pdf}
}

@article{sun_acute_2006,
	title = {Acute Myeloid Leukemia-Associated Mkl1 (Mrtf-a) Is a Key Regulator of Mammary Gland Function},
	volume = {26},
	issn = {0270-7306},
	url = {http://mcb.asm.org/cgi/doi/10.1128/MCB.00024-06},
	doi = {10.1128/MCB.00024-06},
	pages = {5809--5826},
	number = {15},
	author = {Sun, Y. and Boyd, K. and Xu, W. and Ma, J. and Jackson, C. W. and Fu, A. and Shillingford, J. M. and Robinson, G. W. and Hennighausen, L. and Hitzler, J. K. and Ma, Z. and Morris, S. W.},
	urldate = {2014-12-17},
	date = {2006-08-01},
	langid = {english},
	file = {5809.full.pdf:C\:\\Users\\Lorraine\\AppData\\Roaming\\Mozilla\\Firefox\\Profiles\\iteebgdq.default\\zotero\\storage\\5FADEFAD\\5809.full.pdf:application/pdf}
}

@article{wu_arp2/3_2012,
	title = {Arp2/3 Is Critical for Lamellipodia and Response to Extracellular Matrix Cues but Is Dispensable for Chemotaxis},
	volume = {148},
	issn = {00928674},
	url = {http://linkinghub.elsevier.com/retrieve/pii/S0092867412001390},
	doi = {10.1016/j.cell.2011.12.034},
	pages = {973--987},
	number = {5},
	author = {Wu, Congying and Asokan, Sreeja B. and Berginski, Matthew E. and Haynes, Elizabeth M. and Sharpless, Norman E. and Griffith, Jack D. and Gomez, Shawn M. and Bear, James E.},
	urldate = {2015-07-03},
	date = {2012-03},
	langid = {english},
	file = {1-s2.0-S0092867412001390-main.pdf:C\:\\Users\\Lorraine\\AppData\\Roaming\\Mozilla\\Firefox\\Profiles\\iteebgdq.default\\zotero\\storage\\9SICFR8D\\1-s2.0-S0092867412001390-main.pdf:application/pdf}
}

@article{kuwahara_myocardin-related_2010,
	title = {Myocardin-Related Transcription Factor A Is a Common Mediator of Mechanical Stress- and Neurohumoral Stimulation-Induced Cardiac Hypertrophic Signaling Leading to Activation of Brain Natriuretic Peptide Gene Expression},
	volume = {30},
	issn = {0270-7306},
	url = {http://mcb.asm.org/cgi/doi/10.1128/MCB.00154-10},
	doi = {10.1128/MCB.00154-10},
	pages = {4134--4148},
	number = {17},
	author = {Kuwahara, K. and Kinoshita, H. and Kuwabara, Y. and Nakagawa, Y. and Usami, S. and Minami, T. and Yamada, Y. and Fujiwara, M. and Nakao, K.},
	urldate = {2013-10-21},
	date = {2010-07-06},
	file = {MRTFA in cardiomyocytes Kuwahara MCB 2010.pdf:D\:\\Lorraine\\articles\\MRTFA in cardiomyocytes Kuwahara MCB 2010.pdf:application/pdf}
}

@article{neuman_optical_2004,
	title = {Optical trapping},
	volume = {75},
	issn = {00346748},
	url = {http://scitation.aip.org/content/aip/journal/rsi/75/9/10.1063/1.1785844},
	doi = {10.1063/1.1785844},
	pages = {2787},
	number = {9},
	author = {Neuman, Keir C. and Block, Steven M.},
	urldate = {2015-07-06},
	date = {2004},
	langid = {english},
	file = {1.1785844.pdf:C\:\\Users\\Lorraine\\AppData\\Roaming\\Mozilla\\Firefox\\Profiles\\iteebgdq.default\\zotero\\storage\\ZIPHZ2BT\\1.1785844.pdf:application/pdf}
}

@article{makkonen_mammalian_2013,
	title = {Mammalian and Malaria Parasite Cyclase-associated Proteins Catalyze Nucleotide Exchange on G-actin through a Conserved Mechanism},
	volume = {288},
	issn = {0021-9258, 1083-351X},
	url = {http://www.jbc.org/cgi/doi/10.1074/jbc.M112.435719},
	doi = {10.1074/jbc.M112.435719},
	pages = {984--994},
	number = {2},
	author = {Makkonen, M. and Bertling, E. and Chebotareva, N. A. and Baum, J. and Lappalainen, P.},
	urldate = {2015-07-01},
	date = {2013-01-11},
	langid = {english},
	file = {984.full.pdf:C\:\\Users\\Lorraine\\AppData\\Roaming\\Mozilla\\Firefox\\Profiles\\iteebgdq.default\\zotero\\storage\\M75USVJA\\984.full.pdf:application/pdf}
}

@article{raucher_cell_2000,
	title = {Cell spreading and lamellipodial extension rate is regulated by membrane tension},
	volume = {148},
	url = {http://jcb.rupress.org/content/148/1/127.abstract},
	pages = {127--136},
	number = {1},
	author = {Raucher, Drazen and Sheetz, Michael P.},
	urldate = {2015-07-03},
	date = {2000},
	file = {127.full.pdf:C\:\\Users\\Lorraine\\AppData\\Roaming\\Mozilla\\Firefox\\Profiles\\iteebgdq.default\\zotero\\storage\\BBUQGPRH\\127.full.pdf:application/pdf}
}

@article{ye_nuclear_2008,
	title = {Nuclear myosin I acts in concert with polymeric actin to drive {RNA} polymerase I transcription},
	volume = {22},
	issn = {0890-9369},
	url = {http://www.genesdev.org/cgi/doi/10.1101/gad.455908},
	doi = {10.1101/gad.455908},
	pages = {322--330},
	number = {3},
	author = {Ye, J. and Zhao, J. and Hoffmann-Rohrer, U. and Grummt, I.},
	urldate = {2015-07-01},
	date = {2008-02-01},
	langid = {english},
	file = {322.full.pdf:C\:\\Users\\Lorraine\\AppData\\Roaming\\Mozilla\\Firefox\\Profiles\\iteebgdq.default\\zotero\\storage\\8RWFKPVK\\322.full.pdf:application/pdf}
}

@article{laurent_assessment_2002-1,
	title = {Assessment of Mechanical Properties of Adherent Living Cells by Bead Micromanipulation: Comparison of Magnetic Twisting Cytometry vs Optical Tweezers},
	volume = {124},
	issn = {01480731},
	url = {http://Biomechanical.asmedigitalcollection.asme.org/article.aspx?articleid=1408310},
	doi = {10.1115/1.1485285},
	shorttitle = {Assessment of Mechanical Properties of Adherent Living Cells by Bead Micromanipulation},
	pages = {408},
	number = {4},
	author = {Laurent, Valérie M. and Hénon, Sylvie and Planus, Emmanuelle and Fodil, Redouane and Balland, Martial and Isabey, Daniel and Gallet, François},
	urldate = {2015-05-11},
	date = {2002},
	langid = {english},
	file = {0.pdf:C\:\\Users\\Lorraine\\AppData\\Roaming\\Mozilla\\Firefox\\Profiles\\iteebgdq.default\\zotero\\storage\\CP9XHB63\\0.pdf:application/pdf}
}

@article{treisman_shedding_2013,
	title = {Shedding light on nuclear actin dynamics and function},
	volume = {38},
	url = {http://www.sciencedirect.com/science/article/pii/S0968000413000959},
	pages = {376--377},
	number = {8},
	author = {Treisman, Richard},
	urldate = {2014-05-23},
	date = {2013},
	keywords = {Actine, Actine nucléaire, Review, Rôle non-mécanique de l'actine},
	file = {1-s2.0-S0968000413000959-main.pdf:C\:\\Users\\Lorraine\\AppData\\Roaming\\Mozilla\\Firefox\\Profiles\\iteebgdq.default\\zotero\\storage\\ADXTSDS9\\1-s2.0-S0968000413000959-main.pdf:application/pdf;Icard BiophysJ 2008.pdf:C\:\\Users\\Lorraine\\AppData\\Roaming\\Mozilla\\Firefox\\Profiles\\iteebgdq.default\\zotero\\storage\\R829EIVN\\Icard BiophysJ 2008.pdf:application/pdf}
}

@article{plessner_nuclear_2015,
	title = {Nuclear F-actin formation and reorganization upon cell spreading},
	issn = {0021-9258, 1083-351X},
	url = {http://www.jbc.org/lookup/doi/10.1074/jbc.M114.627166},
	doi = {10.1074/jbc.M114.627166},
	pages = {jbc.M114.627166},
	author = {Plessner, Matthias and Melak, Michael and Chinchilla, Pilar and Baarlink, Christian and Grosse, Robert},
	urldate = {2015-03-13},
	date = {2015-03-10},
	langid = {english},
	file = {J. Biol. Chem.-2015-Plessner-jbc.M114.627166.pdf:C\:\\Users\\Lorraine\\AppData\\Roaming\\Mozilla\\Firefox\\Profiles\\iteebgdq.default\\zotero\\storage\\PGRQMMVK\\J. Biol. Chem.-2015-Plessner-jbc.M114.627166.pdf:application/pdf}
}

@article{sedzinski_polar_2011,
	title = {Polar actomyosin contractility destabilizes the position of the cytokinetic furrow},
	volume = {476},
	issn = {0028-0836, 1476-4687},
	url = {http://www.nature.com/doifinder/10.1038/nature10286},
	doi = {10.1038/nature10286},
	pages = {462--466},
	number = {7361},
	author = {Sedzinski, Jakub and Biro, Maté and Oswald, Annelie and Tinevez, Jean-Yves and Salbreux, Guillaume and Paluch, Ewa},
	urldate = {2015-07-03},
	date = {2011-08-07},
	file = {nature10286.pdf:C\:\\Users\\Lorraine\\AppData\\Roaming\\Mozilla\\Firefox\\Profiles\\iteebgdq.default\\zotero\\storage\\AA389HF3\\nature10286.pdf:application/pdf}
}

@article{guettler_rpel_2008,
	title = {RPEL Motifs Link the Serum Response Factor Cofactor MAL but Not Myocardin to Rho Signaling via Actin Binding},
	volume = {28},
	issn = {0270-7306},
	url = {http://mcb.asm.org/cgi/doi/10.1128/MCB.01623-07},
	doi = {10.1128/MCB.01623-07},
	pages = {732--742},
	number = {2},
	author = {Guettler, S. and Vartiainen, M. K. and Miralles, F. and Larijani, B. and Treisman, R.},
	urldate = {2014-12-17},
	date = {2008-01-15},
	langid = {english},
	file = {1623-07.pdf:C\:\\Users\\Lorraine\\AppData\\Roaming\\Mozilla\\Firefox\\Profiles\\iteebgdq.default\\zotero\\storage\\ZVQM5NPN\\1623-07.pdf:application/pdf}
}

@article{staus_diaphanous_2007,
	title = {Diaphanous 1 and 2 Regulate Smooth Muscle Cell Differentiation by Activating the Myocardin-Related Transcription Factors},
	volume = {27},
	issn = {1079-5642, 1524-4636},
	url = {http://atvb.ahajournals.org/cgi/doi/10.1161/01.ATV.0000255559.77687.c1},
	doi = {10.1161/01.ATV.0000255559.77687.c1},
	pages = {478--486},
	number = {3},
	author = {Staus, D. P. and Blaker, A. L. and Taylor, J. M. and Mack, C. P.},
	urldate = {2015-01-22},
	date = {2007-03-01},
	langid = {english},
	file = {478.full.pdf:C\:\\Users\\Lorraine\\AppData\\Roaming\\Mozilla\\Firefox\\Profiles\\iteebgdq.default\\zotero\\storage\\8SFAKDUH\\478.full.pdf:application/pdf}
}

@article{dechat_nuclear_2008,
	title = {Nuclear lamins: major factors in the structural organization and function of the nucleus and chromatin},
	volume = {22},
	issn = {0890-9369},
	url = {http://www.genesdev.org/cgi/doi/10.1101/gad.1652708},
	doi = {10.1101/gad.1652708},
	shorttitle = {Nuclear lamins},
	pages = {832--853},
	number = {7},
	author = {Dechat, T. and Pfleghaar, K. and Sengupta, K. and Shimi, T. and Shumaker, D. K. and Solimando, L. and Goldman, R. D.},
	urldate = {2015-06-26},
	date = {2008-04-01},
	langid = {english},
	file = {832.full.pdf:C\:\\Users\\Lorraine\\AppData\\Roaming\\Mozilla\\Firefox\\Profiles\\iteebgdq.default\\zotero\\storage\\K8AUV38E\\832.full.pdf:application/pdf}
}

@article{mierke_mechano-coupling_2008,
	title = {Mechano-Coupling and Regulation of Contractility by the Vinculin Tail Domain},
	volume = {94},
	issn = {00063495},
	url = {http://linkinghub.elsevier.com/retrieve/pii/S0006349508707434},
	doi = {10.1529/biophysj.107.108472},
	pages = {661--670},
	number = {2},
	author = {Mierke, Claudia Tanja and Kollmannsberger, Philip and Paranhos Zitterbart, Daniel and Smith, James and Fabry, Ben and Goldmann, Wolfgang Heinrich},
	urldate = {2013-10-21},
	date = {2008-01},
	file = {B059Cd01.pdf:D\:\\Lorraine\\articles\\B059Cd01.pdf:application/pdf}
}

@article{descot_ott-mal_2008,
	title = {OTT-MAL Is a Deregulated Activator of Serum Response Factor-Dependent Gene Expression},
	volume = {28},
	issn = {0270-7306},
	url = {http://mcb.asm.org/cgi/doi/10.1128/MCB.00303-08},
	doi = {10.1128/MCB.00303-08},
	pages = {6171--6181},
	number = {20},
	author = {Descot, A. and Rex-Haffner, M. and Courtois, G. and Bluteau, D. and Menssen, A. and Mercher, T. and Bernard, O. A. and Treisman, R. and Posern, G.},
	urldate = {2015-01-21},
	date = {2008-10-15},
	langid = {english},
	file = {6171.full.pdf:C\:\\Users\\Lorraine\\AppData\\Roaming\\Mozilla\\Firefox\\Profiles\\iteebgdq.default\\zotero\\storage\\BT6WRAQ8\\6171.full.pdf:application/pdf}
}

@article{galbraith_relationship_2002-1,
	title = {The relationship between force and focal complex development},
	volume = {159},
	issn = {00219525, 15408140},
	url = {http://www.jcb.org/cgi/doi/10.1083/jcb.200204153},
	doi = {10.1083/jcb.200204153},
	pages = {695--705},
	number = {4},
	author = {Galbraith, C. G.},
	urldate = {2015-07-02},
	date = {2002-11-25},
	file = {695.full.pdf:C\:\\Users\\Lorraine\\AppData\\Roaming\\Mozilla\\Firefox\\Profiles\\iteebgdq.default\\zotero\\storage\\AVV7JVSM\\695.full.pdf:application/pdf}
}

@article{ben-ari_life_2010,
	title = {The life of an mRNA in space and time},
	volume = {123},
	issn = {0021-9533, 1477-9137},
	url = {http://jcs.biologists.org/cgi/doi/10.1242/jcs.062638},
	doi = {10.1242/jcs.062638},
	pages = {1761--1774},
	number = {10},
	author = {Ben-Ari, Y. and Brody, Y. and Kinor, N. and Mor, A. and Tsukamoto, T. and Spector, D. L. and Singer, R. H. and Shav-Tal, Y.},
	urldate = {2015-01-22},
	date = {2010-05-15},
	langid = {english},
	file = {1761.full.pdf:C\:\\Users\\Lorraine\\AppData\\Roaming\\Mozilla\\Firefox\\Profiles\\iteebgdq.default\\zotero\\storage\\EF397R6T\\1761.full.pdf:application/pdf}
}

@article{staus_nuclear_2014,
	title = {Nuclear RhoA signaling regulates MRTF-dependent SMC-specific transcription},
	volume = {307},
	url = {http://ajpheart.physiology.org/content/307/3/H379.abstract},
	doi = {10.1152/ajpheart.01002.2013},
	abstract = {We have previously shown that {RhoA}-mediated actin polymerization stimulates smooth muscle cell ({SMC})-specific transcription by regulating the nuclear localization of the myocardin-related transcription factors ({MRTFs}). On the basis of the recent demonstration that nuclear G-actin regulates {MRTF} nuclear export and observations from our laboratory and others that the {RhoA} effector, {mDia}2, shuttles between the nucleus and cytoplasm, we investigated whether nuclear {RhoA} signaling plays a role in regulating {MRTF} activity. We identified sequences that control {mDia}2 nuclear-cytoplasmic shuttling and used {mDia}2 variants to demonstrate that the ability of {mDia}2 to fully stimulate {MRTF} nuclear accumulation and {SMC}-specific gene transcription was dependent on its localization to the nucleus. To test whether {RhoA} signaling promotes nuclear actin polymerization, we established a fluorescence recovery after photobleaching ({FRAP})-based assay to measure green fluorescent protein-actin diffusion in the nuclear compartment. Nuclear actin {FRAP} was delayed in cells expressing nuclear-targeted constitutively active {mDia}1 and {mDia}2 variants and in cells treated with the polymerization inducer, jasplakinolide. In contrast, {FRAP} was enhanced in cells expressing a nuclear-targeted variant of {mDia} that inhibits both {mDia}1 and {mDia}2. Treatment of 10T1/2 cells with sphingosine 1-phosphate induced {RhoA} activity in the nucleus and forced nuclear localization of {RhoA} or the Rho-specific guanine nucleotide exchange factor ({GEF}), leukemia-associated {RhoGEF}, enhanced the ability of these proteins to stimulate {MRTF} activity. Taken together, these data support the emerging idea that {RhoA}-dependent nuclear actin polymerization has important effects on transcription and nuclear structure.},
	pages = {H379--H390},
	number = {3},
	author = {Staus, Dean P. and Weise-Cross, Laura and Mangum, Kevin D. and Medlin, Matt D. and Mangiante, Lee and Taylor, Joan M. and Mack, Christopher P.},
	date = {2014-08-01}
}

@incollection{gautier_atomic_2015,
	title = {Atomic force microscopy-based force measurements on animal cells and tissues},
	volume = {125},
	isbn = {978-0-12-801103-4},
	url = {http://linkinghub.elsevier.com/retrieve/pii/S0091679X14000065},
	pages = {211--235},
	booktitle = {Methods in Cell Biology},
	publisher = {Elsevier},
	author = {Gautier, Hélène O.B. and Thompson, Amelia J. and Achouri, Sarra and Koser, David E. and Holtzmann, Kathrin and Moeendarbary, Emad and Franze, Kristian},
	urldate = {2015-06-23},
	date = {2015},
	langid = {english},
	file = {1-s2.0-S0091679X14000065-main.pdf:C\:\\Users\\Lorraine\\AppData\\Roaming\\Mozilla\\Firefox\\Profiles\\iteebgdq.default\\zotero\\storage\\VF7JUP46\\1-s2.0-S0091679X14000065-main.pdf:application/pdf}
}

@article{selvaraj_megakaryoblastic_2003,
	title = {Megakaryoblastic Leukemia-1/2, a Transcriptional Co-activator of Serum Response Factor, Is Required for Skeletal Myogenic Differentiation},
	volume = {278},
	issn = {0021-9258, 1083-351X},
	url = {http://www.jbc.org/cgi/doi/10.1074/jbc.M305679200},
	doi = {10.1074/jbc.M305679200},
	pages = {41977--41987},
	number = {43},
	author = {Selvaraj, A. and Prywes, R.},
	urldate = {2014-12-12},
	date = {2003-10-24},
	langid = {english},
	file = {41977.full.pdf:C\:\\Users\\Lorraine\\AppData\\Roaming\\Mozilla\\Firefox\\Profiles\\iteebgdq.default\\zotero\\storage\\J3MDN84I\\41977.full.pdf:application/pdf}
}

@article{wang_mechanotransduction_2009,
	title = {Mechanotransduction at a distance: mechanically coupling the extracellular matrix with the nucleus},
	volume = {10},
	url = {http://www.nature.com/articles/nrm2594},
	shorttitle = {Mechanotransduction at a distance},
	pages = {75--82},
	number = {1},
	author = {Wang, Ning and Tytell, Jessica D. and Ingber, Donald E.},
	urldate = {2015-03-04},
	date = {2009},
	file = {nrm2594.pdf:C\:\\Users\\Lorraine\\AppData\\Roaming\\Mozilla\\Firefox\\Profiles\\iteebgdq.default\\zotero\\storage\\KX3SSPCG\\nrm2594.pdf:application/pdf}
}

@article{li_requirement_2005,
	title = {Requirement for serum response factor for skeletal muscle growth and maturation revealed by tissue-specific gene deletion in mice},
	volume = {102},
	url = {http://www.pnas.org/content/102/4/1082.short},
	pages = {1082--1087},
	number = {4},
	author = {Li, Shijie and Czubryt, Michael P. and McAnally, John and Bassel-Duby, Rhonda and Richardson, James A. and Wiebel, Franziska F. and Nordheim, Alfred and Olson, Eric N.},
	urldate = {2014-12-11},
	date = {2005},
	file = {pnas-0409103102.pdf:C\:\\Users\\Lorraine\\AppData\\Roaming\\Mozilla\\Firefox\\Profiles\\iteebgdq.default\\zotero\\storage\\AZFQFVX4\\pnas-0409103102.pdf:application/pdf}
}

@article{collard_nuclear_2014,
	title = {Nuclear actin and myocardin-related transcription factors control disuse muscle atrophy through regulation of Srf activity},
	volume = {127},
	issn = {0021-9533, 1477-9137},
	url = {http://jcs.biologists.org/cgi/doi/10.1242/jcs.155911},
	doi = {10.1242/jcs.155911},
	pages = {5157--5163},
	number = {24},
	author = {Collard, L. and Herledan, G. and Pincini, A. and Guerci, A. and Randrianarison-Huetz, V. and Sotiropoulos, A.},
	urldate = {2015-01-16},
	date = {2014-12-15},
	langid = {english},
	file = {0.pdf:C\:\\Users\\Lorraine\\AppData\\Roaming\\Mozilla\\Firefox\\Profiles\\iteebgdq.default\\zotero\\storage\\N4Z5EURH\\0.pdf:application/pdf}
}

@article{mercher_ott-mal_2009,
	title = {The OTT-MAL fusion oncogene activates RBPJ-mediated transcription and induces acute megakaryoblastic leukemia in a knockin mouse model},
	issn = {0021-9738},
	url = {http://www.jci.org/articles/view/35901},
	doi = {10.1172/JCI35901},
	author = {Mercher, Thomas and Raffel, Glen D. and Moore, Sandra A. and Cornejo, Melanie G. and Baudry-Bluteau, Dominique and Cagnard, Nicolas and Jesneck, Jonathan L. and Pikman, Yana and Cullen, Dana and Williams, Ifor R. and Akashi, Koichi and Shigematsu, Hirokazu and Bourquin, Jean-Pierre and Giovannini, Marco and Vainchenker, William and Levine, Ross L. and Lee, Benjamin H. and Bernard, Olivier A. and Gilliland, D. Gary},
	urldate = {2015-01-21},
	date = {2009-03-16},
	langid = {english},
	file = {render.pdf:C\:\\Users\\Lorraine\\AppData\\Roaming\\Mozilla\\Firefox\\Profiles\\iteebgdq.default\\zotero\\storage\\CIN4JUG9\\render.pdf:application/pdf}
}

@article{posern_actin_2006,
	title = {Actin’ together: serum response factor, its cofactors and the link to signal transduction},
	volume = {16},
	issn = {09628924},
	url = {http://linkinghub.elsevier.com/retrieve/pii/S0962892406002698},
	doi = {10.1016/j.tcb.2006.09.008},
	shorttitle = {Actin’ together},
	pages = {588--596},
	number = {11},
	author = {Posern, Guido and Treisman, Richard},
	urldate = {2013-10-21},
	date = {2006-11},
	file = {1-s2.0-S0962892406002698-main.pdf:D\:\\Lorraine\\articles\\1-s2.0-S0962892406002698-main.pdf:application/pdf;Actin together SRF its cofactors and the link to signal transduction Posern Trends cell biol 2006.pdf:D\:\\Lorraine\\articles\\Actin together SRF its cofactors and the link to signal transduction Posern Trends cell biol 2006.pdf:application/pdf}
}

@article{delanoe-ayari_membrane_2004,
	title = {Membrane and acto-myosin tension promote clustering of adhesion proteins},
	volume = {101},
	url = {http://www.pnas.org/content/101/8/2229.short},
	pages = {2229--2234},
	number = {8},
	author = {Delanoe-Ayari, H. and Al Kurdi, R. and Vallade, M. and Gulino-Debrac, D. and Riveline, D.},
	urldate = {2015-06-26},
	date = {2004},
	file = {2229.full.pdf:C\:\\Users\\Lorraine\\AppData\\Roaming\\Mozilla\\Firefox\\Profiles\\iteebgdq.default\\zotero\\storage\\3GTXE2Z7\\2229.full.pdf:application/pdf}
}

@article{fischer_stiffness-controlled_2012,
	title = {Stiffness-controlled three-dimensional extracellular matrices for high-resolution imaging of cell behavior},
	volume = {7},
	issn = {1754-2189},
	url = {http://dx.doi.org/10.1038/nprot.2012.127},
	doi = {10.1038/nprot.2012.127},
	pages = {2056--2066},
	number = {11},
	journaltitle = {Nat. Protocols},
	author = {Fischer, Robert S and Myers, Kenneth A and Gardel, Margaret L and Waterman, Clare M},
	date = {2012-11},
	file = {nprot.2012.127.pdf:C\:\\Users\\Lorraine\\AppData\\Roaming\\Mozilla\\Firefox\\Profiles\\iteebgdq.default\\zotero\\storage\\7E3GJZM7\\nprot.2012.127.pdf:application/pdf}
}

@article{yoo_novel_2006,
	title = {A Novel Role of the Actin-nucleating Arp2/3 Complex in the Regulation of RNA Polymerase II-dependent Transcription},
	volume = {282},
	issn = {0021-9258, 1083-351X},
	url = {http://www.jbc.org/cgi/doi/10.1074/jbc.M607596200},
	doi = {10.1074/jbc.M607596200},
	pages = {7616--7623},
	number = {10},
	author = {Yoo, Y. and Wu, X. and Guan, J.-L.},
	urldate = {2015-07-02},
	date = {2006-12-20},
	langid = {english},
	file = {7616.full.pdf:C\:\\Users\\Lorraine\\AppData\\Roaming\\Mozilla\\Firefox\\Profiles\\iteebgdq.default\\zotero\\storage\\HVR7VZWQ\\7616.full.pdf:application/pdf}
}

@article{cen_megakaryoblastic_2003,
	title = {Megakaryoblastic Leukemia 1, a Potent Transcriptional Coactivator for Serum Response Factor (SRF), Is Required for Serum Induction of SRF Target Genes},
	volume = {23},
	issn = {0270-7306},
	url = {http://mcb.asm.org/cgi/doi/10.1128/MCB.23.18.6597-6608.2003},
	doi = {10.1128/MCB.23.18.6597-6608.2003},
	pages = {6597--6608},
	number = {18},
	author = {Cen, B. and Selvaraj, A. and Burgess, R. C. and Hitzler, J. K. and Ma, Z. and Morris, S. W. and Prywes, R.},
	urldate = {2014-12-11},
	date = {2003-09-15},
	langid = {english},
	file = {0382.pdf:C\:\\Users\\Lorraine\\AppData\\Roaming\\Mozilla\\Firefox\\Profiles\\iteebgdq.default\\zotero\\storage\\BMMNNXA3\\0382.pdf:application/pdf}
}

@article{johnson_neuronal_2009,
	title = {Neuronal IP3 3-Kinase is an F-actin–bundling Protein: Role in Dendritic Targeting and Regulation of Spine Morphology},
	volume = {20},
	url = {http://www.molbiolcell.org/content/20/24/5166.abstract},
	doi = {10.1091/mbc.E09-01-0083},
	abstract = {The actin microstructure in dendritic spines is involved in synaptic plasticity. Inositol trisphosphate 3-kinase A ({ITPKA}) terminates Ins(1,4,5)P3 signals emanating from spines and also binds filamentous actin (F-actin) through its amino terminal region (amino acids 1-66, N66). Here we investigated how {ITPKA}, independent of its kinase activity, regulates dendritic spine F-actin microstructure. We show that the N66 region of the protein mediates F-actin bundling. An N66 fusion protein bundled F-actin in vitro, and the bundling involved N66 dimerization. By mutagenesis we identified a point mutation in a predicted helical region that eliminated both F-actin binding and bundling, rendering the enzyme cytosolic. A fusion protein containing a minimal helical region (amino acids 9-52, N9-52) bound F-actin in vitro and in cells, but had lower affinity. In hippocampal neurons, {GFP}-tagged N66 expression was highly polarized, with targeting of the enzyme predominantly to spines. By contrast, N9-52-{GFP} expression occurred in actin-rich structures in dendrites and growth cones. Expression of N66-{GFP} tripled the length of dendritic protrusions, induced longer dendritic spine necks, and induced polarized actin motility in time-lapse assays. These results suggest that, in addition to its ability to regulate intracellular Ca2+ via Ins(1,4,5)P3 metabolism, {ITPKA} regulates structural plasticity.},
	pages = {5166--5180},
	number = {24},
	journaltitle = {Molecular Biology of the Cell},
	author = {Johnson, Hong W. and Schell, Michael J.},
	date = {2009-12-15},
	file = {5166.full.pdf:C\:\\Users\\Lorraine\\AppData\\Roaming\\Mozilla\\Firefox\\Profiles\\iteebgdq.default\\zotero\\storage\\5TUWUEEK\\5166.full.pdf:application/pdf}
}

@article{stricker_mechanics_2010,
	title = {Mechanics of the F-actin cytoskeleton},
	volume = {43},
	issn = {00219290},
	url = {http://linkinghub.elsevier.com/retrieve/pii/S0021929009004941},
	doi = {10.1016/j.jbiomech.2009.09.003},
	pages = {9--14},
	number = {1},
	author = {Stricker, Jonathan and Falzone, Tobias and Gardel, Margaret L.},
	urldate = {2015-06-22},
	date = {2010-01},
	langid = {english},
	file = {1-s2.0-S0021929009004941-main.pdf:C\:\\Users\\Lorraine\\AppData\\Roaming\\Mozilla\\Firefox\\Profiles\\iteebgdq.default\\zotero\\storage\\SCGHF79Z\\1-s2.0-S0021929009004941-main.pdf:application/pdf}
}

@article{nowak_evidence_1997,
	title = {Evidence for the presence of myosin I in the nucleus},
	volume = {272},
	url = {http://www.jbc.org/content/272/27/17176.short},
	pages = {17176--17181},
	number = {27},
	author = {Nowak, Grzegorz and Pestic-Dragovich, Lidija and Hozák, Pavel and Philimonenko, Anatoly and Simerly, Cal and Schatten, Gerald and de Lanerolle, Primal},
	urldate = {2015-07-02},
	date = {1997},
	file = {17176.full.pdf:C\:\\Users\\Lorraine\\AppData\\Roaming\\Mozilla\\Firefox\\Profiles\\iteebgdq.default\\zotero\\storage\\9JD8EF9X\\17176.full.pdf:application/pdf}
}

@article{campillo_mechanics_2012,
	title = {Mechanics of membrane–cytoskeleton attachment in Paramecium},
	volume = {14},
	issn = {1367-2630},
	url = {http://stacks.iop.org/1367-2630/14/i=12/a=125016?key=crossref.1a9449f29984be0e28e93b180be1a625},
	doi = {10.1088/1367-2630/14/12/125016},
	pages = {125016},
	number = {12},
	author = {Campillo, C and Jerber, J and Fisch, C and Simoes-Betbeder, M and Dupuis-Williams, P and Nassoy, P and Sykes, C},
	urldate = {2015-07-03},
	date = {2012-12-19},
	file = {1367-2630_14_12_125016.pdf:C\:\\Users\\Lorraine\\AppData\\Roaming\\Mozilla\\Firefox\\Profiles\\iteebgdq.default\\zotero\\storage\\CID6M6MU\\1367-2630_14_12_125016.pdf:application/pdf}
}

@article{janostiak_mechanosensors_2014,
	title = {Mechanosensors in integrin signaling: The emerging role of p130Cas},
	volume = {93},
	issn = {01719335},
	url = {http://linkinghub.elsevier.com/retrieve/pii/S0171933514000673},
	doi = {10.1016/j.ejcb.2014.07.002},
	shorttitle = {Mechanosensors in integrin signaling},
	pages = {445--454},
	number = {10},
	author = {Janoštiak, Radoslav and Pataki, Andreea Csilla and Brábek, Jan and Rösel, Daniel},
	urldate = {2015-02-19},
	date = {2014-10},
	langid = {english},
	file = {1-s2.0-S0171933514000673-main.pdf:C\:\\Users\\Lorraine\\AppData\\Roaming\\Mozilla\\Firefox\\Profiles\\iteebgdq.default\\zotero\\storage\\MEGZZS6D\\1-s2.0-S0171933514000673-main.pdf:application/pdf}
}

@article{aravind_sapputative_2000,
	title = {SAP–a putative DNA-binding motif involved in chromosomal organization},
	volume = {25},
	url = {http://www.sciencedirect.com/science/article/pii/S0968000499015376/pdf?md5=cedcee99ed900d2aba307d80468151a5&pid=1-s2.0-S0968000499015376-main.pdf&_valck=1},
	pages = {112--114},
	number = {3},
	author = {Aravind, L. and Koonin, Eugene V.},
	urldate = {2015-02-05},
	date = {2000},
	file = {1-s2.0-S0968000499015376-main.pdf:C\:\\Users\\Lorraine\\AppData\\Roaming\\Mozilla\\Firefox\\Profiles\\iteebgdq.default\\zotero\\storage\\7MNQWNHW\\1-s2.0-S0968000499015376-main.pdf:application/pdf}
}

@article{iwasaki_rho/rho-associated_2008,
	title = {Rho/Rho-associated Kinase Signal Regulates Myogenic Differentiation via Myocardin-related Transcription Factor-A/Smad-dependent Transcription of the Id3 Gene},
	volume = {283},
	issn = {0021-9258, 1083-351X},
	url = {http://www.jbc.org/cgi/doi/10.1074/jbc.M710525200},
	doi = {10.1074/jbc.M710525200},
	pages = {21230--21241},
	number = {30},
	author = {Iwasaki, K. and Hayashi, K. and Fujioka, T. and Sobue, K.},
	urldate = {2015-06-16},
	date = {2008-07-25},
	langid = {english},
	file = {0.pdf:C\:\\Users\\Lorraine\\AppData\\Roaming\\Mozilla\\Firefox\\Profiles\\iteebgdq.default\\zotero\\storage\\BMR5D7ZQ\\0.pdf:application/pdf}
}

@article{sakuma_age-related_2008,
	title = {Age-related reductions in expression of serum response factor and myocardin-related transcription factor A in mouse skeletal muscles},
	volume = {1782},
	issn = {09254439},
	url = {http://linkinghub.elsevier.com/retrieve/pii/S0925443908000793},
	doi = {10.1016/j.bbadis.2008.03.008},
	pages = {453--461},
	number = {7},
	author = {Sakuma, Kunihiro and Akiho, Mai and Nakashima, Hiroyuki and Akima, Hiroshi and Yasuhara, Masahiro},
	urldate = {2015-07-05},
	date = {2008-07},
	langid = {english},
	file = {1-s2.0-S0925443908000793-main.pdf:C\:\\Users\\Lorraine\\AppData\\Roaming\\Mozilla\\Firefox\\Profiles\\iteebgdq.default\\zotero\\storage\\I8VM2IBR\\1-s2.0-S0925443908000793-main.pdf:application/pdf}
}

@article{hoffman_consensus_2006,
	title = {The consensus mechanics of cultured mammalian cells},
	volume = {103},
	url = {http://www.pnas.org/content/103/27/10259.short},
	pages = {10259--10264},
	number = {27},
	author = {Hoffman, Brenton D. and Massiera, Gladys and Van Citters, Kathleen M. and Crocker, John C.},
	urldate = {2015-07-06},
	date = {2006},
	file = {10259.full.pdf:C\:\\Users\\Lorraine\\AppData\\Roaming\\Mozilla\\Firefox\\Profiles\\iteebgdq.default\\zotero\\storage\\SQUSSQNP\\10259.full.pdf:application/pdf}
}

@article{li_requirement_2006,
	title = {Requirement of a Myocardin-Related Transcription Factor for Development of Mammary Myoepithelial Cells},
	volume = {26},
	issn = {0270-7306},
	url = {http://mcb.asm.org/cgi/doi/10.1128/MCB.00211-06},
	doi = {10.1128/MCB.00211-06},
	pages = {5797--5808},
	number = {15},
	author = {Li, S. and Chang, S. and Qi, X. and Richardson, J. A. and Olson, E. N.},
	urldate = {2014-12-17},
	date = {2006-08-01},
	langid = {english},
	file = {5797.full.pdf:C\:\\Users\\Lorraine\\AppData\\Roaming\\Mozilla\\Firefox\\Profiles\\iteebgdq.default\\zotero\\storage\\ZHSETJEI\\5797.full.pdf:application/pdf}
}

@article{pasapera_myosin_2010,
	title = {Myosin II activity regulates vinculin recruitment to focal adhesions through FAK-mediated paxillin phosphorylation},
	volume = {188},
	issn = {0021-9525, 1540-8140},
	url = {http://www.jcb.org/cgi/doi/10.1083/jcb.200906012},
	doi = {10.1083/jcb.200906012},
	pages = {877--890},
	number = {6},
	author = {Pasapera, A. M. and Schneider, I. C. and Rericha, E. and Schlaepfer, D. D. and Waterman, C. M.},
	urldate = {2015-07-02},
	date = {2010-03-22},
	langid = {english},
	file = {877.full.pdf:C\:\\Users\\Lorraine\\AppData\\Roaming\\Mozilla\\Firefox\\Profiles\\iteebgdq.default\\zotero\\storage\\PA6V3II4\\877.full.pdf:application/pdf}
}

@article{kukalev_actin_2005,
	title = {Actin and hnRNP U cooperate for productive transcription by RNA polymerase II},
	volume = {12},
	issn = {1545-9993, 1545-9985},
	url = {http://www.nature.com/doifinder/10.1038/nsmb904},
	doi = {10.1038/nsmb904},
	pages = {238--244},
	number = {3},
	author = {Kukalev, Alexander and Nord, Ylva and Palmberg, Carina and Bergman, Tomas and Percipalle, Piergiorgio},
	urldate = {2015-07-02},
	date = {2005-03},
	file = {nsmb904.pdf:C\:\\Users\\Lorraine\\AppData\\Roaming\\Mozilla\\Firefox\\Profiles\\iteebgdq.default\\zotero\\storage\\Z6785GJJ\\nsmb904.pdf:application/pdf}
}

@article{leitner_mal/mrtf-controls_2011,
	title = {MAL/MRTF-A controls migration of non-invasive cells by upregulation of cytoskeleton-associated proteins},
	volume = {124},
	issn = {0021-9533, 1477-9137},
	url = {http://jcs.biologists.org/cgi/doi/10.1242/jcs.092791},
	doi = {10.1242/jcs.092791},
	pages = {4318--4331},
	number = {24},
	author = {Leitner, L. and Shaposhnikov, D. and Mengel, A. and Descot, A. and Julien, S. and Hoffmann, R. and Posern, G.},
	urldate = {2014-12-10},
	date = {2011-12-15},
	langid = {english},
	file = {MAL(MRTF-A) controls migration by upregulation of CTK-associated proteins Leitner JCSci 2011.pdf:C\:\\Users\\Lorraine\\AppData\\Roaming\\Mozilla\\Firefox\\Profiles\\iteebgdq.default\\zotero\\storage\\MKVIB9CU\\MAL(MRTF-A) controls migration by upregulation of CTK-associated proteins Leitner JCSci 2011.pdf:application/pdf}
}

@article{fletcher_cell_2010,
	title = {Cell mechanics and the cytoskeleton},
	volume = {463},
	issn = {0028-0836, 1476-4687},
	url = {http://www.nature.com/doifinder/10.1038/nature08908},
	doi = {10.1038/nature08908},
	pages = {485--492},
	number = {7280},
	author = {Fletcher, Daniel A. and Mullins, R. Dyche},
	urldate = {2015-03-03},
	date = {2010-01-28},
	file = {0.pdf:C\:\\Users\\Lorraine\\AppData\\Roaming\\Mozilla\\Firefox\\Profiles\\iteebgdq.default\\zotero\\storage\\34EM7BKH\\0.pdf:application/pdf}
}

@article{kawauchi_p130cas-dependent_2012,
	title = {p130Cas-dependent actin remodelling regulates myogenic differentiation},
	volume = {445},
	issn = {0264-6021, 1470-8728},
	url = {http://www.biochemj.org/bj/445/bj4450323.htm},
	doi = {10.1042/BJ20112169},
	pages = {323--332},
	number = {3},
	author = {Kawauchi, Keiko and Tan, Wee Wee and Araki, Keigo and Abu Bakar, Farhana Binte and Kim, Minsoo and Fujita, Hideaki and Hirata, Hiroaki and Sawada, Yasuhiro},
	urldate = {2013-10-21},
	date = {2012-08-01},
	file = {cas mrtfA.pdf:D\:\\Lorraine\\articles\\cas mrtfA.pdf:application/pdf}
}

@article{posern_mutant_2004,
	title = {Mutant actins that stabilise F-actin use distinct mechanisms to activate the SRF coactivator MAL},
	volume = {23},
	url = {http://www.nature.com/emboj/journal/v23/n20/abs/7600404a.html},
	pages = {3973--3983},
	number = {20},
	author = {Posern, Guido and Miralles, Francesc and Guettler, Sebastian and Treisman, Richard},
	urldate = {2013-10-21},
	date = {2004},
	file = {7600404a.pdf:D\:\\Lorraine\\articles\\7600404a.pdf:application/pdf}
}

@article{chuang_long-range_2006,
	title = {Long-Range Directional Movement of an Interphase Chromosome Site},
	volume = {16},
	issn = {09609822},
	url = {http://linkinghub.elsevier.com/retrieve/pii/S096098220601356X},
	doi = {10.1016/j.cub.2006.03.059},
	pages = {825--831},
	number = {8},
	author = {Chuang, Chien-Hui and Carpenter, Anne E. and Fuchsova, Beata and Johnson, Terezina and de Lanerolle, Primal and Belmont, Andrew S.},
	urldate = {2015-07-02},
	date = {2006-04},
	langid = {english},
	file = {1-s2.0-S096098220601356X-main.pdf:C\:\\Users\\Lorraine\\AppData\\Roaming\\Mozilla\\Firefox\\Profiles\\iteebgdq.default\\zotero\\storage\\EEBBE7PN\\1-s2.0-S096098220601356X-main.pdf:application/pdf}
}

@article{morita_g-actin_2013,
	title = {G-actin sequestering protein thymosin-$\beta$4 regulates the activity of myocardin-related transcription factor},
	volume = {437},
	issn = {0006291X},
	url = {http://linkinghub.elsevier.com/retrieve/pii/S0006291X1301067X},
	doi = {10.1016/j.bbrc.2013.06.069},
	pages = {331--335},
	number = {3},
	author = {Morita, Tsuyoshi and Hayashi, Ken’ichiro},
	urldate = {2014-05-23},
	date = {2013-08},
	langid = {english},
	file = {1-s2.0-S0006291X1301067X-main.pdf:C\:\\Users\\Lorraine\\AppData\\Roaming\\Mozilla\\Firefox\\Profiles\\iteebgdq.default\\zotero\\storage\\JZGICUCJ\\1-s2.0-S0006291X1301067X-main.pdf:application/pdf}
}

@article{veigel_load-dependent_2003,
	title = {Load-dependent kinetics of force production by smooth muscle myosin measured with optical tweezers},
	volume = {5},
	issn = {1465-7392, 1476-4679},
	url = {http://www.nature.com/doifinder/10.1038/ncb1060},
	doi = {10.1038/ncb1060},
	pages = {980--986},
	number = {11},
	author = {Veigel, Claudia and Molloy, Justin E. and Schmitz, Stephan and Kendrick-Jones, John},
	urldate = {2015-03-02},
	date = {2003-11},
	file = {ncb1060.pdf:C\:\\Users\\Lorraine\\AppData\\Roaming\\Mozilla\\Firefox\\Profiles\\iteebgdq.default\\zotero\\storage\\CWZ4AW5R\\ncb1060.pdf:application/pdf}
}

@article{bausch_local_1998,
	title = {Local measurements of viscoelastic parameters of adherent cell surfaces by magnetic bead microrheometry},
	volume = {75},
	url = {http://www.sciencedirect.com/science/article/pii/S0006349598776465},
	pages = {2038--2049},
	number = {4},
	author = {Bausch, Andreas R. and Ziemann, Florian and Boulbitch, Alexei A. and Jacobson, Ken and Sackmann, Erich},
	urldate = {2013-10-21},
	date = {1998},
	file = {B65C1865d01.pdf:D\:\\Lorraine\\articles\\B65C1865d01.pdf:application/pdf;B65C1865d01.pdf:C\:\\Users\\Lorraine\\AppData\\Roaming\\Mozilla\\Firefox\\Profiles\\iteebgdq.default\\zotero\\storage\\GHZV9D2T\\B65C1865d01.pdf:application/pdf}
}

@article{fuard_optimization_2008,
	title = {Optimization of poly-di-methyl-siloxane (PDMS) substrates for studying cellular adhesion and motility},
	volume = {85},
	issn = {01679317},
	url = {http://linkinghub.elsevier.com/retrieve/pii/S0167931708001196},
	doi = {10.1016/j.mee.2008.02.004},
	pages = {1289--1293},
	number = {5},
	author = {Fuard, D. and Tzvetkova-Chevolleau, T. and Decossas, S. and Tracqui, P. and Schiavone, P.},
	urldate = {2013-10-21},
	date = {2008-05},
	file = {Fuard_PDMS_optimisation_08.pdf:D\:\\Lorraine\\articles\\Fuard_PDMS_optimisation_08.pdf:application/pdf}
}

@article{mcgee_nuclear_2011,
	title = {Nuclear transport of the serum response factor coactivator MRTF-A is downregulated at tensional homeostasis},
	volume = {12},
	issn = {1469-221X, 1469-3178},
	url = {http://www.nature.com/doifinder/10.1038/embor.2011.141},
	doi = {10.1038/embor.2011.141},
	pages = {963--970},
	number = {9},
	author = {McGee, Karen M and Vartiainen, Maria K and Khaw, Peng T and Treisman, Richard and Bailly, Maryse},
	urldate = {2013-10-21},
	date = {2011-07-29},
	file = {Nuclear transport of SRF coactivator MRTF-A is downregulated at tensional homeostasis Bailly EMBO reports 2011.pdf:D\:\\Lorraine\\articles\\Nuclear transport of SRF coactivator MRTF-A is downregulated at tensional homeostasis Bailly EMBO reports 2011.pdf:application/pdf;Nuclear transport of SRF coactivator MRTF-A is downregulated at tensional homeostasis Bailly EMBO reports 2011.pdf:C\:\\Users\\Lorraine\\AppData\\Roaming\\Mozilla\\Firefox\\Profiles\\iteebgdq.default\\zotero\\storage\\I4DMCW5A\\Nuclear transport of SRF coactivator MRTF-A is downregulated at tensional homeostasis Bailly EMBO reports 2011.pdf:application/pdf}
}

@article{aubry_computational_2015,
	title = {A computational mechanics approach to assess the link between cell morphology and forces during confined migration},
	volume = {14},
	issn = {1617-7959, 1617-7940},
	url = {http://link.springer.com/10.1007/s10237-014-0595-3},
	doi = {10.1007/s10237-014-0595-3},
	pages = {143--157},
	number = {1},
	author = {Aubry, D. and Thiam, H. and Piel, M. and Allena, R.},
	urldate = {2015-07-06},
	date = {2015-01},
	langid = {english},
	file = {art%3A10.1007%2Fs10237-014-0595-3.pdf:C\:\\Users\\Lorraine\\AppData\\Roaming\\Mozilla\\Firefox\\Profiles\\iteebgdq.default\\zotero\\storage\\67UKBRI6\\art%3A10.1007%2Fs10237-014-0595-3.pdf:application/pdf}
}

@article{romet-lemonne_mechanotransduction_2013,
	title = {Mechanotransduction down to individual actin filaments},
	volume = {92},
	issn = {01719335},
	url = {http://linkinghub.elsevier.com/retrieve/pii/S0171933513000708},
	doi = {10.1016/j.ejcb.2013.10.011},
	pages = {333--338},
	number = {10},
	author = {Romet-Lemonne, Guillaume and Jégou, Antoine},
	urldate = {2015-02-20},
	date = {2013-10},
	langid = {english},
	file = {1-s2.0-S0171933513000708-main.pdf:C\:\\Users\\Lorraine\\AppData\\Roaming\\Mozilla\\Firefox\\Profiles\\iteebgdq.default\\zotero\\storage\\HVUBHJIM\\1-s2.0-S0171933513000708-main.pdf:application/pdf}
}

@article{schmidt_rhoa_2012,
	title = {RhoA as a Mediator of Clinically Relevant Androgen Action in Prostate Cancer Cells},
	volume = {26},
	issn = {0888-8809},
	url = {http://mend.endojournals.org/cgi/doi/10.1210/me.2011-1130},
	doi = {10.1210/me.2011-1130},
	pages = {716--735},
	number = {5},
	author = {Schmidt, L. J. and Duncan, K. and Yadav, N. and Regan, K. M. and Verone, A. R. and Lohse, C. M. and Pop, E. A. and Attwood, K. and Wilding, G. and Mohler, J. L. and Sebo, T. J. and Tindall, D. J. and Heemers, H. V.},
	urldate = {2013-10-21},
	date = {2012-03-28},
	file = {716.full.pdf:D\:\\Lorraine\\articles\\716.full.pdf:application/pdf}
}

@article{hofmann_cofactor_2001,
	title = {Cofactor Requirements for Nuclear Export of Rev Response Element (Rre)–And Constitutive Transport Element (Cte)–Containing Retroviral Rnas: An Unexpected Role for Actin},
	volume = {152},
	url = {http://jcb.rupress.org/content/152/5/895.abstract},
	doi = {10.1083/jcb.152.5.895},
	pages = {895--910},
	number = {5},
	journaltitle = {The Journal of Cell Biology},
	author = {Hofmann, Wilma and Reichart, Beate and Ewald, Andrea and Müller, Eleonora and Schmitt, Iris and Stauber, Roland H. and Lottspeich, Friedrich and Jockusch, Brigitte M. and Scheer, Ulrich and Hauber, Joachim and Dabauvalle, Marie-Christine},
	date = {2001-03-05},
	file = {895.full.pdf:C\:\\Users\\Lorraine\\AppData\\Roaming\\Mozilla\\Firefox\\Profiles\\iteebgdq.default\\zotero\\storage\\GQ3Q7VPP\\895.full.pdf:application/pdf}
}



@article{suzuki_mical_2002,
	title = {MICAL, a novel CasL interacting molecule, associates with vimentin},
	volume = {277},
	url = {http://www.jbc.org/content/277/17/14933.short},
	pages = {14933--14941},
	number = {17},
	author = {Suzuki, Takahiro and Nakamoto, Tetsuya and Ogawa, Seishi and Seo, Sachiko and Matsumura, Tomoko and Tachibana, Kouichi and Morimoto, Chikao and Hirai, Hisamaru},
	urldate = {2014-06-02},
	date = {2002},
	file = {14933.full.pdf:C\:\\Users\\Lorraine\\AppData\\Roaming\\Mozilla\\Firefox\\Profiles\\iteebgdq.default\\zotero\\storage\\S4BV8D3R\\14933.full.pdf:application/pdf}
}

@article{scharenberg_tgf-_2014,
	title = {TGF-$\beta$-induced differentiation into myofibroblasts involves specific regulation of two MKL1 isoforms},
	volume = {127},
	issn = {0021-9533, 1477-9137},
	url = {http://jcs.biologists.org/cgi/doi/10.1242/jcs.142075},
	doi = {10.1242/jcs.142075},
	pages = {1079--1091},
	number = {5},
	author = {Scharenberg, M. A. and Pippenger, B. E. and Sack, R. and Zingg, D. and Ferralli, J. and Schenk, S. and Martin, I. and Chiquet-Ehrismann, R.},
	urldate = {2014-10-31},
	date = {2014-03-01},
	langid = {english},
	file = {1079.full.pdf:C\:\\Users\\Lorraine\\AppData\\Roaming\\Mozilla\\Firefox\\Profiles\\iteebgdq.default\\zotero\\storage\\UZHINCG7\\1079.full.pdf:application/pdf;Nuclear transport of SRF coactivator MRTF-A is downregulated at tensional homeostasis Bailly EMBO reports 2011.pdf:C\:\\Users\\Lorraine\\AppData\\Roaming\\Mozilla\\Firefox\\Profiles\\iteebgdq.default\\zotero\\storage\\RMG8FP2H\\Nuclear transport of SRF coactivator MRTF-A is downregulated at tensional homeostasis Bailly EMBO reports 2011.pdf:application/pdf}
}

@article{ross_integrins_2013,
	title = {Integrins in mechanotransduction},
	volume = {25},
	issn = {09550674},
	url = {http://linkinghub.elsevier.com/retrieve/pii/S095506741300080X},
	doi = {10.1016/j.ceb.2013.05.006},
	pages = {613--618},
	number = {5},
	author = {Ross, Tyler D and Coon, Brian G and Yun, Sanguk and Baeyens, Nicolas and Tanaka, Keiichiro and Ouyang, Mingxing and Schwartz, Martin A},
	urldate = {2015-02-19},
	date = {2013-10},
	langid = {english},
	file = {1-s2.0-S095506741300080X-main.pdf:C\:\\Users\\Lorraine\\AppData\\Roaming\\Mozilla\\Firefox\\Profiles\\iteebgdq.default\\zotero\\storage\\Q6MFNTSP\\1-s2.0-S095506741300080X-main.pdf:application/pdf}
}

@article{thumkeo_physiological_2013,
	title = {Physiological roles of Rho and Rho effectors in mammals},
	volume = {92},
	issn = {01719335},
	url = {http://linkinghub.elsevier.com/retrieve/pii/S0171933513000587},
	doi = {10.1016/j.ejcb.2013.09.002},
	pages = {303--315},
	number = {10},
	author = {Thumkeo, Dean and Watanabe, Sadanori and Narumiya, Shuh},
	urldate = {2015-02-20},
	date = {2013-10},
	langid = {english},
	file = {1-s2.0-S0171933513000587-main.pdf:C\:\\Users\\Lorraine\\AppData\\Roaming\\Mozilla\\Firefox\\Profiles\\iteebgdq.default\\zotero\\storage\\H7IT4EK5\\1-s2.0-S0171933513000587-main.pdf:application/pdf}
}

@article{mccullough_cofilin_2008,
	title = {Cofilin Increases the Bending Flexibility of Actin Filaments: Implications for Severing and Cell Mechanics},
	volume = {381},
	issn = {00222836},
	url = {http://linkinghub.elsevier.com/retrieve/pii/S0022283608006335},
	doi = {10.1016/j.jmb.2008.05.055},
	shorttitle = {Cofilin Increases the Bending Flexibility of Actin Filaments},
	pages = {550--558},
	number = {3},
	author = {McCullough, Brannon R. and Blanchoin, Laurent and Martiel, Jean-Louis and De La Cruz, Enrique M.},
	urldate = {2015-07-06},
	date = {2008-09},
	langid = {english},
	file = {1-s2.0-S0022283608006335-main.pdf:C\:\\Users\\Lorraine\\AppData\\Roaming\\Mozilla\\Firefox\\Profiles\\iteebgdq.default\\zotero\\storage\\PG5GGJWC\\1-s2.0-S0022283608006335-main.pdf:application/pdf}
}

@article{risca_actin_2012,
	title = {Actin filament curvature biases branching direction},
	volume = {109},
	url = {http://www.pnas.org/content/109/8/2913.short},
	pages = {2913--2918},
	number = {8},
	author = {Risca, Viviana I. and Wang, Evan B. and Chaudhuri, Ovijit and Chia, Jia Jun and Geissler, Phillip L. and Fletcher, Daniel A.},
	urldate = {2015-07-01},
	date = {2012},
	file = {2913.full.pdf:C\:\\Users\\Lorraine\\AppData\\Roaming\\Mozilla\\Firefox\\Profiles\\iteebgdq.default\\zotero\\storage\\SCUXCKGS\\2913.full.pdf:application/pdf}
}

@article{xue_guardians_2013,
	title = {Guardians of the actin monomer},
	volume = {92},
	issn = {01719335},
	url = {http://linkinghub.elsevier.com/retrieve/pii/S017193351300071X},
	doi = {10.1016/j.ejcb.2013.10.012},
	pages = {316--332},
	number = {10},
	author = {Xue, Bo and Robinson, Robert C.},
	urldate = {2015-02-19},
	date = {2013-10},
	langid = {english},
	file = {1-s2.0-S017193351300071X-main.pdf:C\:\\Users\\Lorraine\\AppData\\Roaming\\Mozilla\\Firefox\\Profiles\\iteebgdq.default\\zotero\\storage\\DIIUQ8CF\\1-s2.0-S017193351300071X-main.pdf:application/pdf}
}

@article{duan_dependence_2009,
	title = {Dependence of myoblast fusion on a cortical actin wall and nonmuscle myosin IIA},
	volume = {325},
	issn = {00121606},
	url = {http://linkinghub.elsevier.com/retrieve/pii/S0012160608012992},
	doi = {10.1016/j.ydbio.2008.10.035},
	pages = {374--385},
	number = {2},
	author = {Duan, Rui and Gallagher, Patricia J.},
	urldate = {2015-07-05},
	date = {2009-01},
	langid = {english}
}

@article{koegel_loss_2009,
	title = {Loss of serum response factor in keratinocytes results in hyperproliferative skin disease in mice},
	volume = {119},
	issn = {0021-9738},
	url = {http://www.jci.org/articles/view/37771},
	doi = {10.1172/JCI37771},
	pages = {899--910},
	number = {4},
	author = {Koegel, Heidi and von Tobel, Lukas and Schäfer, Matthias and Alberti, Siegfried and Kremmer, Elisabeth and Mauch, Cornelia and Hohl, Daniel and Wang, Xiao-Jing and Beer, Hans-Dietmar and Bloch, Wilhelm and Nordheim, Alfred and Werner, Sabine},
	urldate = {2014-12-11},
	date = {2009-04-01},
	langid = {english},
	file = {JCI37771.pdf:C\:\\Users\\Lorraine\\AppData\\Roaming\\Mozilla\\Firefox\\Profiles\\iteebgdq.default\\zotero\\storage\\FEKUR6IE\\JCI37771.pdf:application/pdf}
}

@article{kovacs_load-dependent_2007,
	title = {Load-dependent mechanism of nonmuscle myosin 2},
	volume = {104},
	url = {http://www.pnas.org/content/104/24/9994.short},
	pages = {9994--9999},
	number = {24},
	author = {Kovács, Mihály and Thirumurugan, Kavitha and Knight, Peter J. and Sellers, James R.},
	urldate = {2015-03-02},
	date = {2007},
	file = {9994.full.pdf:C\:\\Users\\Lorraine\\AppData\\Roaming\\Mozilla\\Firefox\\Profiles\\iteebgdq.default\\zotero\\storage\\8XXSIPTR\\9994.full.pdf:application/pdf}
}

@article{morita_reorganization_2007,
	title = {Reorganization of the actin cytoskeleton via transcriptional regulation of cytoskeletal/focal adhesion genes by myocardin-related transcription factors (MRTFs/MAL/MKLs)},
	volume = {313},
	issn = {00144827},
	url = {http://linkinghub.elsevier.com/retrieve/pii/S001448270700331X},
	doi = {10.1016/j.yexcr.2007.07.008},
	pages = {3432--3445},
	number = {16},
	author = {Morita, Tsuyoshi and Mayanagi, Taira and Sobue, Kenji},
	urldate = {2015-06-17},
	date = {2007-10},
	langid = {english},
	file = {1-s2.0-S001448270700331X-main.pdf:C\:\\Users\\Lorraine\\AppData\\Roaming\\Mozilla\\Firefox\\Profiles\\iteebgdq.default\\zotero\\storage\\87ZJIUCV\\1-s2.0-S001448270700331X-main.pdf:application/pdf}
}

@article{sasazuki_identification_2002,
	title = {Identification of a Novel Transcriptional Activator, BSAC, by a Functional Cloning to Inhibit Tumor Necrosis Factor-induced Cell Death},
	volume = {277},
	issn = {00219258, 1083351X},
	url = {http://www.jbc.org/cgi/doi/10.1074/jbc.M203190200},
	doi = {10.1074/jbc.M203190200},
	pages = {28853--28860},
	number = {32},
	author = {Sasazuki, T.},
	urldate = {2015-01-30},
	date = {2002-08-02},
	file = {28853.full.pdf:C\:\\Users\\Lorraine\\AppData\\Roaming\\Mozilla\\Firefox\\Profiles\\iteebgdq.default\\zotero\\storage\\RRNQRA2G\\28853.full.pdf:application/pdf}
}

@article{passey_stretching_2011,
	title = {Stretching skeletal muscle in vitro: does it replicate in vivo physiology?},
	volume = {33},
	issn = {0141-5492, 1573-6776},
	url = {http://link.springer.com/10.1007/s10529-011-0610-z},
	doi = {10.1007/s10529-011-0610-z},
	shorttitle = {Stretching skeletal muscle in vitro},
	pages = {1513--1521},
	number = {8},
	author = {Passey, S. and Martin, N. and Player, D. and Lewis, M. P.},
	urldate = {2014-03-17},
	date = {2011-08},
	langid = {english},
	file = {0.pdf:C\:\\Users\\Lorraine\\AppData\\Roaming\\Mozilla\\Firefox\\Profiles\\iteebgdq.default\\zotero\\storage\\XAFSA8KK\\0.pdf:application/pdf}
}

@article{mcgough_cofilin_1997,
	title = {Cofilin changes the twist of F-actin: implications for actin filament dynamics and cellular function},
	volume = {138},
	url = {http://jcb.rupress.org/content/138/4/771.abstract},
	shorttitle = {Cofilin changes the twist of F-actin},
	pages = {771--781},
	number = {4},
	author = {McGough, Amy and Pope, Brian and Chiu, Wah and Weeds, Alan},
	urldate = {2015-07-01},
	date = {1997},
	file = {771.full.pdf:C\:\\Users\\Lorraine\\AppData\\Roaming\\Mozilla\\Firefox\\Profiles\\iteebgdq.default\\zotero\\storage\\FUQIARDW\\771.full.pdf:application/pdf}
}

@article{asparuhova_transcriptional_2011,
	title = {The transcriptional regulator megakaryoblastic leukemia-1 mediates serum response factor-independent activation of tenascin-C transcription by mechanical stress},
	volume = {25},
	issn = {0892-6638, 1530-6860},
	url = {http://www.fasebj.org/cgi/doi/10.1096/fj.11-187310},
	doi = {10.1096/fj.11-187310},
	pages = {3477--3488},
	number = {10},
	author = {Asparuhova, M. B. and Ferralli, J. and Chiquet, M. and Chiquet-Ehrismann, R.},
	urldate = {2015-01-23},
	date = {2011-10-01},
	langid = {english},
	file = {3477.full.pdf:C\:\\Users\\Lorraine\\AppData\\Roaming\\Mozilla\\Firefox\\Profiles\\iteebgdq.default\\zotero\\storage\\9BWRE5ZF\\3477.full.pdf:application/pdf}
}

@article{debold_slip_2005,
	title = {Slip Sliding Away: Load-Dependence of Velocity Generated by Skeletal Muscle Myosin Molecules in the Laser Trap},
	volume = {89},
	issn = {00063495},
	url = {http://linkinghub.elsevier.com/retrieve/pii/S0006349505729301},
	doi = {10.1529/biophysj.105.072967},
	shorttitle = {Slip Sliding Away},
	pages = {L34--L36},
	number = {5},
	author = {Debold, Edward P. and Patlak, Joseph B. and Warshaw, David M.},
	urldate = {2015-06-16},
	date = {2005-11},
	langid = {english},
	file = {L34.pdf:C\:\\Users\\Lorraine\\AppData\\Roaming\\Mozilla\\Firefox\\Profiles\\iteebgdq.default\\zotero\\storage\\JV6GQ8RM\\L34.pdf:application/pdf}
}

@article{katsch_actin-dependent_2012,
	title = {Actin-dependent activation of serum response factor in T cells by the viral oncoprotein tip},
	volume = {10},
	url = {http://www.biomedcentral.com/content/pdf/1478-811X-10-5.pdf},
	number = {5},
	author = {Katsch, Kristin and de Jong, Sarah Jill and Albrecht, Jens-Christian and Steger, Julia and Genth, Harald and Posern, Guido and Biesinger, Brigitte},
	urldate = {2013-10-21},
	date = {2012},
	file = {1478-811X-10-5.pdf:D\:\\Lorraine\\articles\\1478-811X-10-5.pdf:application/pdf;Actin-dependent activation of serum response factor in T cells by the viral oncoprotein tip - zotero\://attachment/21/:C\:\\Users\\Lorraine\\AppData\\Roaming\\Mozilla\\Firefox\\Profiles\\iteebgdq.default\\zotero\\storage\\2CZA3GFW\\21.pdf:application/pdf;Actin-dependent activation of SRF in T cells by the viral oncoprotein tip Posern Cell Comm Sign 2012.pdf:D\:\\Lorraine\\articles\\Actin-dependent activation of SRF in T cells by the viral oncoprotein tip Posern Cell Comm Sign 2012.pdf:application/pdf}
}

@article{hayashi_differences_2013,
	title = {Differences in the Nuclear Export Mechanism between Myocardin and Myocardin-related Transcription Factor A},
	volume = {288},
	issn = {0021-9258, 1083-351X},
	url = {http://www.jbc.org/cgi/doi/10.1074/jbc.M112.408120},
	doi = {10.1074/jbc.M112.408120},
	pages = {5743--5755},
	number = {8},
	author = {Hayashi, K. and Morita, T.},
	urldate = {2015-01-30},
	date = {2013-02-22},
	langid = {english},
	file = {5743.full.pdf:C\:\\Users\\Lorraine\\AppData\\Roaming\\Mozilla\\Firefox\\Profiles\\iteebgdq.default\\zotero\\storage\\F8N7UNS2\\5743.full.pdf:application/pdf}
}

@article{baarlink_nuclear_2013,
	title = {Nuclear Actin Network Assembly by Formins Regulates the SRF Coactivator MAL},
	volume = {340},
	issn = {0036-8075, 1095-9203},
	url = {http://www.sciencemag.org/cgi/doi/10.1126/science.1235038},
	doi = {10.1126/science.1235038},
	pages = {864--867},
	number = {6134},
	author = {Baarlink, C. and Wang, H. and Grosse, R.},
	urldate = {2013-10-21},
	date = {2013-04-04},
	file = {1235038Baarlink.SM.revision1.pdf:C\:\\Users\\Lorraine\\AppData\\Roaming\\Mozilla\\Firefox\\Profiles\\iteebgdq.default\\zotero\\storage\\WX8SMSM7\\1235038Baarlink.SM.revision1.pdf:application/pdf;Nuclear Actin Network Assembly by Formins Regulates the SRF Coactivator MAL Baarlink Science2013.pdf:D\:\\Lorraine\\articles\\Nuclear Actin Network Assembly by Formins Regulates the SRF Coactivator MAL Baarlink Science2013.pdf:application/pdf}
}

@incollection{bufi_single-cell_2015,
	title = {Single-cell mechanics: The parallel plates technique},
	volume = {125},
	isbn = {978-0-12-801103-4},
	url = {http://linkinghub.elsevier.com/retrieve/pii/S0091679X14000363},
	shorttitle = {Single-cell mechanics},
	pages = {187--209},
	booktitle = {Methods in Cell Biology},
	publisher = {Elsevier},
	author = {Bufi, Nathalie and Durand-Smet, Pauline and Asnacios, Atef},
	urldate = {2015-06-23},
	date = {2015},
	langid = {english},
	file = {1-s2.0-S0091679X14000363-main.pdf:C\:\\Users\\Lorraine\\AppData\\Roaming\\Mozilla\\Firefox\\Profiles\\iteebgdq.default\\zotero\\storage\\A9UB42MC\\1-s2.0-S0091679X14000363-main.pdf:application/pdf}
}

@online{_table_????,
	title = {Table of contents : Mechanotransduction},
	url = {http://www.nature.com.gate1.inist.fr/nrm/focus/mechanotransduction/index.html},
	urldate = {2015-03-04},
	file = {Table of contents \: Mechanotransduction:C\:\\Users\\Lorraine\\AppData\\Roaming\\Mozilla\\Firefox\\Profiles\\iteebgdq.default\\zotero\\storage\\A3KCJWIJ\\index.html:text/html}
}

@article{flouriot_actin/mkl1_2014,
	title = {The actin/MKL1 signalling pathway influences cell growth and gene expression through large-scale chromatin reorganization and histone post-translational modifications},
	volume = {461},
	issn = {0264-6021, 1470-8728},
	url = {http://www.biochemj.org/bj/461/bj4610257.htm},
	doi = {10.1042/BJ20131240},
	pages = {257--268},
	number = {2},
	author = {Flouriot, Gilles and Huet, Guillaume and Demay, Florence and Pakdel, Farzad and Boujrad, Noureddine and Michel, Denis},
	urldate = {2015-02-05},
	date = {2014-07-15},
	langid = {english},
	file = {4610257.pdf:C\:\\Users\\Lorraine\\AppData\\Roaming\\Mozilla\\Firefox\\Profiles\\iteebgdq.default\\zotero\\storage\\GWK6I6KM\\4610257.pdf:application/pdf}
}

@article{pring_mechanism_2003,
	title = {Mechanism of Formin-Induced Nucleation of Actin Filaments},
	volume = {42},
	issn = {0006-2960, 1520-4995},
	url = {http://pubs.acs.org/doi/abs/10.1021/bi026520j},
	doi = {10.1021/bi026520j},
	pages = {486--496},
	number = {2},
	author = {Pring, Martin and Evangelista, Marie and Boone, Charles and Yang, Changsong and Zigmond, Sally H.},
	urldate = {2015-07-01},
	date = {2003-01},
	langid = {english},
	file = {bi026520j.pdf:C\:\\Users\\Lorraine\\AppData\\Roaming\\Mozilla\\Firefox\\Profiles\\iteebgdq.default\\zotero\\storage\\4QVTPQJN\\bi026520j.pdf:application/pdf}
}

@article{romero_formin_2004,
	title = {Formin is a processive motor that requires profilin to accelerate actin assembly and associated ATP hydrolysis},
	volume = {119},
	url = {http://www.sciencedirect.com/science/article/pii/S0092867404009365},
	pages = {419--429},
	number = {3},
	author = {Romero, Stéphane and Le Clainche, Christophe and Didry, Dominique and Egile, Coumaran and Pantaloni, Dominique and Carlier, Marie-France},
	urldate = {2015-07-01},
	date = {2004},
	file = {1-s2.0-S0092867404009365-main.pdf:C\:\\Users\\Lorraine\\AppData\\Roaming\\Mozilla\\Firefox\\Profiles\\iteebgdq.default\\zotero\\storage\\SGV7XSVU\\1-s2.0-S0092867404009365-main.pdf:application/pdf}
}

@article{chen_role_2006,
	title = {The role of microRNA-1 and microRNA-133 in skeletal muscle proliferation and differentiation},
	volume = {38},
	issn = {1061-4036},
	url = {http://dx.doi.org/10.1038/ng1725},
	doi = {10.1038/ng1725},
	pages = {228--233},
	number = {2},
	journaltitle = {Nat Genet},
	author = {Chen, Jian-Fu and Mandel, Elizabeth M and Thomson, J Michael and Wu, Qiulian and Callis, Thomas E and Hammond, Scott M and Conlon, Frank L and Wang, Da-Zhi},
	date = {2006-02}
}

@article{mokalled_mastr_2012,
	title = {MASTR directs MyoD-dependent satellite cell differentiation during skeletal muscle regeneration},
	volume = {26},
	issn = {0890-9369},
	url = {http://genesdev.cshlp.org/cgi/doi/10.1101/gad.179663.111},
	doi = {10.1101/gad.179663.111},
	pages = {190--202},
	number = {2},
	author = {Mokalled, M. H. and Johnson, A. N. and Creemers, E. E. and Olson, E. N.},
	urldate = {2015-06-17},
	date = {2012-01-15},
	langid = {english},
	file = {190.full.pdf:C\:\\Users\\Lorraine\\AppData\\Roaming\\Mozilla\\Firefox\\Profiles\\iteebgdq.default\\zotero\\storage\\BFIAEP57\\190.full.pdf:application/pdf}
}

@article{mercher_involvement_2001,
	title = {Involvement of a human gene related to the Drosophila spen gene in the recurrent t (1; 22) translocation of acute megakaryocytic leukemia},
	volume = {98},
	url = {http://www.pnas.org/content/98/10/5776.short},
	pages = {5776--5779},
	number = {10},
	author = {Mercher, Thomas and Busson-Le Coniat, Maryvonne and Monni, Richard and Mauchauffé, Martine and Khac, Florence Nguyen and Gressin, L\aetitia and Mugneret, Francine and Leblanc, Thierry and Dastugue, Nicole and Berger, Roland and others},
	urldate = {2014-12-12},
	date = {2001},
	keywords = {MRTF-A, Serum Response Factor},
	file = {5776.full.pdf:C\:\\Users\\Lorraine\\AppData\\Roaming\\Mozilla\\Firefox\\Profiles\\iteebgdq.default\\zotero\\storage\\HCXHM3JC\\5776.full.pdf:application/pdf}
}

@article{lazarides_actin_1974,
	title = {Actin is the naturally occurring inhibitor of deoxyribonuclease I},
	volume = {71},
	url = {http://www.pnas.org/content/71/12/4742.short},
	pages = {4742--4746},
	number = {12},
	author = {Lazarides, Elias and Lindberg, Uno},
	urldate = {2015-07-02},
	date = {1974},
	file = {4742.full.pdf:C\:\\Users\\Lorraine\\AppData\\Roaming\\Mozilla\\Firefox\\Profiles\\iteebgdq.default\\zotero\\storage\\5HJ9DBGH\\4742.full.pdf:application/pdf}
}

@article{kerdivel_activation_2014,
	title = {Activation of the MKL1/actin signaling pathway induces hormonal escape in estrogen-responsive breast cancer cell lines},
	volume = {390},
	issn = {03037207},
	url = {http://linkinghub.elsevier.com/retrieve/pii/S0303720714001014},
	doi = {10.1016/j.mce.2014.03.009},
	pages = {34--44},
	number = {1},
	author = {Kerdivel, Gwenneg and Boudot, Antoine and Habauzit, Denis and Percevault, Frederic and Demay, Florence and Pakdel, Farzad and Flouriot, Gilles},
	urldate = {2014-12-11},
	date = {2014-06},
	langid = {english},
	file = {1-s2.0-S0303720714001014-main.pdf:C\:\\Users\\Lorraine\\AppData\\Roaming\\Mozilla\\Firefox\\Profiles\\iteebgdq.default\\zotero\\storage\\XJDIQEE4\\1-s2.0-S0303720714001014-main.pdf:application/pdf}
}

@thesis{collard_rodu_2013,
	location = {Paris},
	title = {Rôle du facteur de transcription Srf au cours de l'atrophie du muscle squelettique et dans les cellules satellites},
	institution = {Université Paris Descartes},
	type = {phdthesis},
	author = {Collard, Laura},
	date = {2013},
	file = {va_collard_laura.pdf:C\:\\Users\\Lorraine\\Downloads\\va_collard_laura.pdf:application/pdf}
}

@article{posern_mutant_2002,
	title = {Mutant actins demonstrate a role for unpolymerized actin in control of transcription by serum response factor},
	volume = {13},
	url = {http://www.molbiolcell.org/content/13/12/4167.short},
	pages = {4167--4178},
	number = {12},
	author = {Posern, Guido and Sotiropoulos, Athanassia and Treisman, Richard},
	urldate = {2015-02-02},
	date = {2002},
	file = {mk1202004167.pdf:C\:\\Users\\Lorraine\\AppData\\Roaming\\Mozilla\\Firefox\\Profiles\\iteebgdq.default\\zotero\\storage\\6VE23F6A\\mk1202004167.pdf:application/pdf}
}
@article{pender_quantitation_1991,
	title = {Quantitation of actin polymerization in two human fibroblast sub-types responding to mechanical stretching},
	volume = {100},
	url = {http://jcs.biologists.org/content/100/1/187.short},
	pages = {187--193},
	number = {1},
	author = {Pender, NEIL and McCulloch, C. A.},
	urldate = {2013-10-21},
	date = {1991},
	keywords = {Actine, Etirement},
	file = {J Cell Sci-1991-Pender-187-93.pdf:D\:\\Lorraine\\articles\\J Cell Sci-1991-Pender-187-93.pdf:application/pdf}
}

@article{leitner_epithelial_2010,
	title = {Epithelial Protein Lost in Neoplasm a (Eplin-a) is transcriptionally regulated by G-actin and MAL/MRTF coactivators},
	url = {http://www.biomedcentral.com/content/pdf/1476-4598-9-60.pdf},
	author = {Leitner, Laura and Shaposhnikov, Dmitry and Descot, Arnaud and Hoffmann, Reinhard and Posern, Guido},
	urldate = {2015-02-09},
	date = {2010},
	file = {1476-4598-9-60.pdf:C\:\\Users\\Lorraine\\AppData\\Roaming\\Mozilla\\Firefox\\Profiles\\iteebgdq.default\\zotero\\storage\\R59N4CGX\\1476-4598-9-60.pdf:application/pdf}
}

@article{goldenberg_friction_2005,
	title = {Friction enhances elasticity in granular solids},
	volume = {435},
	url = {http://www.nature.com/nature/journal/v435/n7039/abs/nature03497.html},
	pages = {188--191},
	number = {7039},
	author = {Goldenberg, C. and Goldhirsch, I.},
	urldate = {2015-06-22},
	date = {2005},
	file = {nature03521.pdf:C\:\\Users\\Lorraine\\AppData\\Roaming\\Mozilla\\Firefox\\Profiles\\iteebgdq.default\\zotero\\storage\\6V5ZT49E\\nature03521.pdf:application/pdf}
}

@article{morone_three-dimensional_2006,
	title = {Three-dimensional reconstruction of the membrane skeleton at the plasma membrane interface by electron tomography},
	volume = {174},
	issn = {0021-9525, 1540-8140},
	url = {http://www.jcb.org/cgi/doi/10.1083/jcb.200606007},
	doi = {10.1083/jcb.200606007},
	pages = {851--862},
	number = {6},
	author = {Morone, N.},
	urldate = {2015-07-03},
	date = {2006-09-05},
	langid = {english},
	file = {851.full.pdf:C\:\\Users\\Lorraine\\AppData\\Roaming\\Mozilla\\Firefox\\Profiles\\iteebgdq.default\\zotero\\storage\\9TFFHRVG\\851.full.pdf:application/pdf}
}

@article{gurbuz_sap_2014,
	title = {SAP domain-dependent Mkl1 signaling stimulates proliferation and cell migration by induction of a distinct gene set indicative of poor prognosis in breast cancer patients},
	volume = {13},
	url = {http://www.biomedcentral.com/content/pdf/1476-4598-13-22.pdf},
	pages = {22},
	number = {1},
	author = {Gurbuz, Irem and Ferralli, Jacqueline and Roloff, Tim and Chiquet-Ehrismann, Ruth and Asparuhova, Maria B.},
	urldate = {2014-12-11},
	date = {2014},
	file = {1476-4598-13-22.pdf:C\:\\Users\\Lorraine\\AppData\\Roaming\\Mozilla\\Firefox\\Profiles\\iteebgdq.default\\zotero\\storage\\IJU7WDWU\\1476-4598-13-22.pdf:application/pdf}
}

@incollection{biro_dual_2015,
	title = {Dual pipette aspiration: A unique tool for studying intercellular adhesion},
	volume = {125},
	isbn = {978-0-12-801103-4},
	url = {http://linkinghub.elsevier.com/retrieve/pii/S0091679X14000089},
	shorttitle = {Dual pipette aspiration},
	pages = {255--267},
	booktitle = {Methods in Cell Biology},
	publisher = {Elsevier},
	author = {Biro, Maté and Maître, Jean-Léon},
	urldate = {2015-06-24},
	date = {2015},
	langid = {english},
	file = {1-s2.0-S0091679X14000089-main.pdf:C\:\\Users\\Lorraine\\AppData\\Roaming\\Mozilla\\Firefox\\Profiles\\iteebgdq.default\\zotero\\storage\\6ETPUHPJ\\1-s2.0-S0091679X14000089-main.pdf:application/pdf}
}

@article{balland_power_2006,
	title = {Power laws in microrheology experiments on living cells: Comparative analysis and modeling},
	volume = {74},
	issn = {1539-3755, 1550-2376},
	url = {http://link.aps.org/doi/10.1103/PhysRevE.74.021911},
	doi = {10.1103/PhysRevE.74.021911},
	shorttitle = {Power laws in microrheology experiments on living cells},
	number = {2},
	author = {Balland, Martial and Desprat, Nicolas and Icard, Delphine and Féréol, Sophie and Asnacios, Atef and Browaeys, Julien and Hénon, Sylvie and Gallet, François},
	urldate = {2015-03-03},
	date = {2006-08},
	langid = {english},
	file = {PhysRevE.74.pdf:C\:\\Users\\Lorraine\\AppData\\Roaming\\Mozilla\\Firefox\\Profiles\\iteebgdq.default\\zotero\\storage\\PFBICWD5\\PhysRevE.74.pdf:application/pdf}
}

@article{busche_epithelial_2008,
	title = {Epithelial cell-cell contacts regulate SRF-mediated transcription via Rac-actin-MAL signalling},
	volume = {121},
	issn = {0021-9533, 1477-9137},
	url = {http://jcs.biologists.org/cgi/doi/10.1242/jcs.014456},
	doi = {10.1242/jcs.014456},
	pages = {1025--1035},
	number = {7},
	author = {Busche, S. and Descot, A. and Julien, S. and Genth, H. and Posern, G.},
	urldate = {2013-10-21},
	date = {2008-03-11},
	file = {Epithelial cell-cell contacts regulate SRF-mediated transcription via Rac-actin-MAL signalling Posern J Cell Sci 2008.pdf:D\:\\Lorraine\\articles\\Epithelial cell-cell contacts regulate SRF-mediated transcription via Rac-actin-MAL signalling Posern J Cell Sci 2008.pdf:application/pdf}
}

@article{chan_force-induced_2010,
	title = {Force-induced Myofibroblast Differentiation through Collagen Receptors Is Dependent on Mammalian Diaphanous (mDia)},
	volume = {285},
	issn = {0021-9258, 1083-351X},
	url = {http://www.jbc.org/cgi/doi/10.1074/jbc.M109.075218},
	doi = {10.1074/jbc.M109.075218},
	pages = {9273--9281},
	number = {12},
	author = {Chan, M. W. C. and Chaudary, F. and Lee, W. and Copeland, J. W. and McCulloch, C. A.},
	urldate = {2013-10-21},
	date = {2010-01-13},
	file = {J. Biol. Chem.-2010-Chan-9273-81.pdf:D\:\\Lorraine\\articles\\J. Biol. Chem.-2010-Chan-9273-81.pdf:application/pdf}
}

@article{lhonore_myod_2003,
	title = {MyoD distal regulatory region contains an SRF binding CArG element required for MyoD expression in skeletal myoblasts and during muscle regeneration},
	volume = {14},
	url = {http://www.molbiolcell.org/content/14/5/2151.short},
	pages = {2151--2162},
	number = {5},
	author = {L'honore, Aurore and Lamb, Ned J. and Vandromme, Marie and Turowski, Patric and Carnac, Gilles and Fernandez, Anne},
	urldate = {2015-06-17},
	date = {2003},
	file = {2151.full.pdf:C\:\\Users\\Lorraine\\AppData\\Roaming\\Mozilla\\Firefox\\Profiles\\iteebgdq.default\\zotero\\storage\\XZJEW2PS\\2151.full.pdf:application/pdf}
}

@article{balland_dissipative_2005,
	title = {The dissipative contribution of myosin II in the cytoskeleton dynamics of myoblasts},
	volume = {34},
	issn = {0175-7571, 1432-1017},
	url = {http://link.springer.com/10.1007/s00249-004-0447-7},
	doi = {10.1007/s00249-004-0447-7},
	pages = {255--261},
	number = {3},
	author = {Balland, Martial and Richert, Alain and Gallet, François},
	urldate = {2015-07-06},
	date = {2005-05},
	langid = {english},
	file = {art%3A10.1007%2Fs00249-004-0447-7.pdf:C\:\\Users\\Lorraine\\AppData\\Roaming\\Mozilla\\Firefox\\Profiles\\iteebgdq.default\\zotero\\storage\\VXZ2ICPA\\art%3A10.1007%2Fs00249-004-0447-7.pdf:application/pdf}
}

@article{wang_mechanotransduction_1993,
	title = {Mechanotransduction across the cell surface and through the cytoskeleton},
	volume = {260},
	url = {http://www.sciencemag.org/content/260/5111/1124.short},
	pages = {1124--1127},
	number = {5111},
	author = {Wang, Ning and Butler, James P. and Ingber, Donald E.},
	urldate = {2015-06-24},
	date = {1993},
	file = {Science-1993-Wang-1124-7.pdf:C\:\\Users\\Lorraine\\AppData\\Roaming\\Mozilla\\Firefox\\Profiles\\iteebgdq.default\\zotero\\storage\\TITN6A5T\\Science-1993-Wang-1124-7.pdf:application/pdf}
}

@article{prost_active_2015,
	title = {Active gel physics},
	volume = {11},
	issn = {1745-2473, 1745-2481},
	url = {http://www.nature.com/doifinder/10.1038/nphys3224},
	doi = {10.1038/nphys3224},
	pages = {111--117},
	number = {2},
	author = {Prost, J. and Jülicher, F. and Joanny, J-F.},
	urldate = {2015-02-23},
	date = {2015-02-03},
	file = {nphys3224.pdf:C\:\\Users\\Lorraine\\AppData\\Roaming\\Mozilla\\Firefox\\Profiles\\iteebgdq.default\\zotero\\storage\\HP6XKGFF\\nphys3224.pdf:application/pdf}
}

@article{huber_emergent_2013,
	title = {Emergent complexity of the cytoskeleton: from single filaments to tissue},
	volume = {62},
	issn = {0001-8732, 1460-6976},
	url = {http://www.tandfonline.com/doi/abs/10.1080/00018732.2013.771509},
	doi = {10.1080/00018732.2013.771509},
	shorttitle = {Emergent complexity of the cytoskeleton},
	pages = {1--112},
	number = {1},
	author = {Huber, F. and Schnauß, J. and Rönicke, S. and Rauch, P. and Müller, K. and Fütterer, C. and Käs, J.},
	urldate = {2015-02-20},
	date = {2013-02},
	langid = {english},
	file = {00018732.2013.pdf:C\:\\Users\\Lorraine\\AppData\\Roaming\\Mozilla\\Firefox\\Profiles\\iteebgdq.default\\zotero\\storage\\6ZBDQFBJ\\00018732.2013.pdf:application/pdf}
}

@article{yamazaki_section:_2002,
	title = {Section: Cytoskeletal Proteins; Mechanical response of single filamin A (ABP-280) molecules and its role in the actin cytoskeleton},
	volume = {23},
	issn = {0142-4319},
	url = {http://dx.doi.org/10.1023/A%3A1023418725001},
	doi = {10.1023/A:1023418725001},
	pages = {525--534},
	number = {5},
	journaltitle = {J Muscle Res Cell Motil},
	author = {Yamazaki, Masahito and Furuike, Shou and Ito, Tadanao},
	date = {2002-10-01}
}


@article{scharenberg_megakaryoblastic_2010,
	title = {Megakaryoblastic leukemia protein-1 (MKL1): Increasing evidence for an involvement in cancer progression and metastasis},
	volume = {42},
	issn = {13572725},
	url = {http://linkinghub.elsevier.com/retrieve/pii/S1357272510002967},
	doi = {10.1016/j.biocel.2010.08.014},
	shorttitle = {Megakaryoblastic leukemia protein-1 ({MKL}1)},
	pages = {1911--1914},
	number = {12},
	author = {Scharenberg, Matthias A. and Chiquet-Ehrismann, Ruth and Asparuhova, Maria B.},
	urldate = {2014-12-11},
	date = {2010-12},
	langid = {english},
	file = {1-s2.0-S1357272510002967-main.pdf:C\:\\Users\\Lorraine\\AppData\\Roaming\\Mozilla\\Firefox\\Profiles\\iteebgdq.default\\zotero\\storage\\IK9PN735\\1-s2.0-S1357272510002967-main.pdf:application/pdf}
}

@article{safer_isolation_1990,
	title = {Isolation of a 5-kilodalton actin-sequestering peptide from human blood platelets},
	volume = {87},
	url = {http://www.pnas.org/content/87/7/2536.short},
	pages = {2536--2540},
	number = {7},
	author = {Safer, Daniel and Golla, Rajasree and Nachmias, Vivianne T.},
	urldate = {2015-07-01},
	date = {1990},
	file = {2536.full.pdf:C\:\\Users\\Lorraine\\AppData\\Roaming\\Mozilla\\Firefox\\Profiles\\iteebgdq.default\\zotero\\storage\\5BWES266\\2536.full.pdf:application/pdf}
}

@article{eyckmans_hitchhikers_2011,
	title = {A Hitchhiker's Guide to Mechanobiology},
	volume = {21},
	issn = {15345807},
	url = {http://linkinghub.elsevier.com/retrieve/pii/S1534580711002498},
	doi = {10.1016/j.devcel.2011.06.015},
	pages = {35--47},
	number = {1},
	author = {Eyckmans, Jeroen and Boudou, Thomas and Yu, Xiang and Chen, Christopher S.},
	urldate = {2015-06-23},
	date = {2011-07},
	langid = {english},
	file = {1-s2.0-S1534580711002498-main.pdf:C\:\\Users\\Lorraine\\AppData\\Roaming\\Mozilla\\Firefox\\Profiles\\iteebgdq.default\\zotero\\storage\\UTCQE9VQ\\1-s2.0-S1534580711002498-main.pdf:application/pdf}
}

@article{salvany_core_2014,
	title = {The core and conserved role of MAL is homeostatic regulation of actin levels},
	volume = {28},
	issn = {0890-9369},
	url = {http://genesdev.cshlp.org/cgi/doi/10.1101/gad.237743.114},
	doi = {10.1101/gad.237743.114},
	pages = {1048--1053},
	number = {10},
	author = {Salvany, L. and Muller, J. and Guccione, E. and Rorth, P.},
	urldate = {2014-12-11},
	date = {2014-05-15},
	langid = {english},
	file = {1048.pdf:C\:\\Users\\Lorraine\\AppData\\Roaming\\Mozilla\\Firefox\\Profiles\\iteebgdq.default\\zotero\\storage\\XJPHTFNZ\\1048.pdf:application/pdf}
}

@article{otomo_structural_2005,
	title = {Structural basis of actin filament nucleation and processive capping by a formin homology 2 domain},
	volume = {433},
	url = {http://www.nature.com/nature/journal/v433/n7025/abs/nature03251.html},
	pages = {488--494},
	number = {7025},
	author = {Otomo, Takanori and Tomchick, Diana R. and Otomo, Chinatsu and Panchal, Sanjay C. and Machius, Mischa and Rosen, Michael K.},
	urldate = {2015-07-01},
	date = {2005},
	file = {nature03251.pdf:C\:\\Users\\Lorraine\\AppData\\Roaming\\Mozilla\\Firefox\\Profiles\\iteebgdq.default\\zotero\\storage\\29XQN6SB\\nature03251.pdf:application/pdf}
}

@incollection{martiel_measurement_2015,
	title = {Measurement of cell traction forces with ImageJ},
	volume = {125},
	isbn = {978-0-12-801103-4},
	url = {http://linkinghub.elsevier.com/retrieve/pii/S0091679X14000090},
	pages = {269--287},
	booktitle = {Methods in Cell Biology},
	publisher = {Elsevier},
	author = {Martiel, Jean-Louis and Leal, Aldo and Kurzawa, Laetitia and Balland, Martial and Wang, Irene and Vignaud, Timothée and Tseng, Qingzong and Théry, Manuel},
	urldate = {2015-06-23},
	date = {2015},
	langid = {english},
	file = {1-s2.0-S0091679X14000090-main.pdf:C\:\\Users\\Lorraine\\AppData\\Roaming\\Mozilla\\Firefox\\Profiles\\iteebgdq.default\\zotero\\storage\\XCT2NDJW\\1-s2.0-S0091679X14000090-main.pdf:application/pdf}
}

@article{stewart_hydrostatic_2011,
	title = {Hydrostatic pressure and the actomyosin cortex drive mitotic cell rounding},
	volume = {469},
	issn = {0028-0836, 1476-4687},
	url = {http://www.nature.com/doifinder/10.1038/nature09642},
	doi = {10.1038/nature09642},
	pages = {226--230},
	number = {7329},
	author = {Stewart, Martin P. and Helenius, Jonne and Toyoda, Yusuke and Ramanathan, Subramanian P. and Muller, Daniel J. and Hyman, Anthony A.},
	urldate = {2015-07-03},
	date = {2011-01-13},
	file = {nature09642.pdf:C\:\\Users\\Lorraine\\AppData\\Roaming\\Mozilla\\Firefox\\Profiles\\iteebgdq.default\\zotero\\storage\\6FXARCFN\\nature09642.pdf:application/pdf}
}

@article{miralles_actin_2003,
	title = {Actin dynamics control SRF activity by regulation of its coactivator MAL},
	volume = {113},
	url = {http://www.sciencedirect.com/science/article/pii/S0092867403002782},
	pages = {329--342},
	number = {3},
	author = {Miralles, Francesc and Posern, Guido and Zaromytidou, Alexia-Ileana and Treisman, Richard},
	urldate = {2013-10-21},
	date = {2003},
	keywords = {MRTF-A, Rôle non-mécanique de l'actine, Serum, Serum Response Factor},
	file = {1-s2.0-S0092867403002782-main.pdf:D\:\\Lorraine\\articles\\1-s2.0-S0092867403002782-main.pdf:application/pdf;Actin Dynamics Control SRF Activity by Regulation of Its Coactivator MAL Posern Cell 2003.pdf:D\:\\Lorraine\\articles\\Actin Dynamics Control SRF Activity by Regulation of Its Coactivator MAL Posern Cell 2003.pdf:application/pdf}
}

@article{hill_heat_1938,
	title = {The Heat of Shortening and the Dynamic Constants of Muscle},
	volume = {126},
	url = {http://rspb.royalsocietypublishing.org/content/126/843/136.abstract},
	doi = {10.1098/rspb.1938.0050},
	pages = {136--195},
	number = {843},
	author = {Hill, A. V.},
	date = {1938-10-10}
}

@article{lahoute_premature_2008,
	title = {Premature Aging in Skeletal Muscle Lacking Serum Response Factor},
	volume = {3},
	issn = {1932-6203},
	url = {http://dx.plos.org/10.1371/journal.pone.0003910},
	doi = {10.1371/journal.pone.0003910},
	pages = {e3910},
	number = {12},
	author = {Lahoute, Charlotte and Sotiropoulos, Athanassia and Favier, Marilyne and Guillet-Deniau, Isabelle and Charvet, Claude and Ferry, Arnaud and Butler-Browne, Gillian and Metzger, Daniel and Tuil, David and Daegelen, Dominique},
	editor = {Andreu, Antoni L.},
	urldate = {2015-06-17},
	date = {2008-12-11},
	langid = {english},
	file = {fetchObject.pdf:C\:\\Users\\Lorraine\\AppData\\Roaming\\Mozilla\\Firefox\\Profiles\\iteebgdq.default\\zotero\\storage\\FCK8UV9C\\fetchObject.pdf:application/pdf}
}

@article{kalita_mkls:_2012,
	title = {MKLs: Co-factors of serum response factor (SRF) in neuronal responses},
	volume = {44},
	issn = {13572725},
	url = {http://linkinghub.elsevier.com/retrieve/pii/S1357272512001744},
	doi = {10.1016/j.biocel.2012.05.008},
	shorttitle = {{MKLs}},
	pages = {1444--1447},
	number = {9},
	author = {Kalita, Katarzyna and Kuzniewska, Bozena and Kaczmarek, Leszek},
	urldate = {2013-10-21},
	date = {2012-09},
	file = {1-s2.0-S1357272512001744-main.pdf:D\:\\Lorraine\\articles\\1-s2.0-S1357272512001744-main.pdf:application/pdf}
}

@article{verdier_review:_2009,
	title = {Review: Rheological properties of biological materials},
	volume = {10},
	issn = {16310705},
	url = {http://linkinghub.elsevier.com/retrieve/pii/S1631070509001492},
	doi = {10.1016/j.crhy.2009.10.003},
	shorttitle = {Review},
	pages = {790--811},
	number = {8},
	author = {Verdier, Claude and Etienne, Jocelyn and Duperray, Alain and Preziosi, Luigi},
	urldate = {2015-02-20},
	date = {2009-11},
	langid = {english},
	file = {1-s2.0-S1631070509001492-main.pdf:C\:\\Users\\Lorraine\\AppData\\Roaming\\Mozilla\\Firefox\\Profiles\\iteebgdq.default\\zotero\\storage\\UGPHG4PA\\1-s2.0-S1631070509001492-main.pdf:application/pdf}
}

@article{otterbein_crystal_2001,
	title = {The Crystal Structure of Uncomplexed Actin in the ADP State},
	volume = {293},
	issn = {0036-8075, 1095-9203},
	url = {http://www.sciencemag.org/cgi/doi/10.1126/science.1059700},
	doi = {10.1126/science.1059700},
	pages = {708--711},
	number = {5530},
	author = {Otterbein, L. R.},
	urldate = {2014-05-26},
	date = {2001-07-27},
	langid = {english},
	keywords = {Actine},
	file = {708.full.pdf:C\:\\Users\\Lorraine\\AppData\\Roaming\\Mozilla\\Firefox\\Profiles\\iteebgdq.default\\zotero\\storage\\S2I7ERQC\\708.full.pdf:application/pdf}
}

@article{hung_direct_2011,
	title = {Direct Redox Regulation of F-Actin Assembly and Disassembly by Mical},
	volume = {334},
	issn = {0036-8075, 1095-9203},
	url = {http://www.sciencemag.org/cgi/doi/10.1126/science.1211956},
	doi = {10.1126/science.1211956},
	pages = {1710--1713},
	number = {6063},
	author = {Hung, R.-J. and Pak, C. W. and Terman, J. R.},
	urldate = {2014-05-26},
	date = {2011-12-23},
	langid = {english},
	file = {1710.full.pdf:C\:\\Users\\Lorraine\\AppData\\Roaming\\Mozilla\\Firefox\\Profiles\\iteebgdq.default\\zotero\\storage\\2JGKB5GK\\1710.full.pdf:application/pdf}
}

@article{wen_polymer_2011,
	title = {Polymer physics of the cytoskeleton},
	volume = {15},
	issn = {13590286},
	url = {http://linkinghub.elsevier.com/retrieve/pii/S1359028611000337},
	doi = {10.1016/j.cossms.2011.05.002},
	pages = {177--182},
	number = {5},
	author = {Wen, Qi and Janmey, Paul A.},
	urldate = {2015-02-20},
	date = {2011-10},
	langid = {english},
	file = {1-s2.0-S1359028611000337-main.pdf:C\:\\Users\\Lorraine\\AppData\\Roaming\\Mozilla\\Firefox\\Profiles\\iteebgdq.default\\zotero\\storage\\DZQSKGQH\\1-s2.0-S1359028611000337-main.pdf:application/pdf}
}

@article{rajakyla_actin-regulated_2010,
	title = {An actin-regulated importin $\alpha\beta$-dependent extended bipartite NLS directs nuclear import of MRTF-A},
	volume = {29},
	url = {http://www.nature.com/emboj/journal/v29/n20/abs/emboj2010216a.html},
	pages = {3448--3458},
	number = {20},
	author = {Rajakylä, Eeva Kaisa and Vartiainen, Maria K. and Treisman, Richard},
	urldate = {2013-10-21},
	date = {2010},
	file = {emboj2010216a.pdf:D\:\\Lorraine\\articles\\emboj2010216a.pdf:application/pdf}
}

@article{wang_bone_2012,
	title = {Bone Morphogenetic Protein Signaling in Vascular Disease: ANTI-INFLAMMATORY ACTION THROUGH MYOCARDIN-RELATED TRANSCRIPTION FACTOR A},
	volume = {287},
	issn = {0021-9258, 1083-351X},
	url = {http://www.jbc.org/cgi/doi/10.1074/jbc.M112.379487},
	doi = {10.1074/jbc.M112.379487},
	shorttitle = {Bone Morphogenetic Protein Signaling in Vascular Disease},
	pages = {28067--28077},
	number = {33},
	author = {Wang, D. and Prakash, J. and Nguyen, P. and Davis-Dusenbery, B. N. and Hill, N. S. and Layne, M. D. and Hata, A. and Lagna, G.},
	urldate = {2014-12-11},
	date = {2012-08-10},
	langid = {english},
	file = {28067.full.pdf:C\:\\Users\\Lorraine\\AppData\\Roaming\\Mozilla\\Firefox\\Profiles\\iteebgdq.default\\zotero\\storage\\7IZFER69\\28067.full.pdf:application/pdf}
}

@article{le_digabel_magnetic_2011,
	title = {Magnetic micropillars as a tool to govern substrate deformations},
	volume = {11},
	issn = {1473-0197, 1473-0189},
	url = {http://xlink.rsc.org/?DOI=c1lc20263d},
	doi = {10.1039/c1lc20263d},
	pages = {2630},
	number = {15},
	author = {le Digabel, Jimmy and Biais, Nicolas and Fresnais, Jérome and Berret, Jean-François and Hersen, Pascal and Ladoux, Benoit},
	urldate = {2015-06-26},
	date = {2011},
	langid = {english},
	file = {c1lc20263d.pdf:C\:\\Users\\Lorraine\\AppData\\Roaming\\Mozilla\\Firefox\\Profiles\\iteebgdq.default\\zotero\\storage\\VPWK3AKP\\c1lc20263d.pdf:application/pdf}
}

@article{albinsson_stretch_2004,
	title = {Stretch of the Vascular Wall Induces Smooth Muscle Differentiation by Promoting Actin Polymerization},
	volume = {279},
	issn = {0021-9258, 1083-351X},
	url = {http://www.jbc.org/cgi/doi/10.1074/jbc.M403370200},
	doi = {10.1074/jbc.M403370200},
	pages = {34849--34855},
	number = {33},
	author = {Albinsson, S.},
	urldate = {2013-11-18},
	date = {2004-06-23},
	keywords = {Actine, Etirement},
	file = {34849.full.pdf:C\:\\Users\\Lorraine\\AppData\\Roaming\\Mozilla\\Firefox\\Profiles\\iteebgdq.default\\zotero\\storage\\6CBM577J\\34849.full.pdf:application/pdf}
}

@article{rajakyla_rna_2015,
	title = {RNA export factor Ddx19 is required for nuclear import of the SRF coactivator MKL1},
	volume = {6},
	issn = {2041-1723},
	url = {http://www.nature.com/doifinder/10.1038/ncomms6978},
	doi = {10.1038/ncomms6978},
	pages = {5978},
	author = {Rajakylä, Eeva Kaisa and Viita, Tiina and Kyheröinen, Salla and Huet, Guillaume and Treisman, Richard and Vartiainen, Maria K.},
	urldate = {2015-01-30},
	date = {2015-01-14},
	file = {ncomms6978.pdf:C\:\\Users\\Lorraine\\AppData\\Roaming\\Mozilla\\Firefox\\Profiles\\iteebgdq.default\\zotero\\storage\\P7IWMHJP\\ncomms6978.pdf:application/pdf}
}

@article{lukinavicius_fluorogenic_2014,
	title = {Fluorogenic probes for live-cell imaging of the cytoskeleton},
	volume = {11},
	issn = {1548-7091},
	url = {http://dx.doi.org/10.1038/nmeth.2972},
	pages = {731--733},
	number = {7},
	journaltitle = {Nat Meth},
	author = {Lukinavicius, Grazvydas and Reymond, Luc and D'Este, Elisa and Masharina, Anastasiya and Gottfert, Fabian and Ta, Haisen and Guther, Angelika and Fournier, Mathias and Rizzo, Stefano and Waldmann, Herbert and Blaukopf, Claudia and Sommer, Christoph and Gerlich, Daniel W and Arndt, Hans-Dieter and Hell, Stefan W and Johnsson, Kai},
	date = {2014-07}
}

@article{mcdonald_nucleoplasmic_2006,
	title = {Nucleoplasmic -actin exists in a dynamic equilibrium between low-mobility polymeric species and rapidly diffusing populations},
	volume = {172},
	issn = {0021-9525, 1540-8140},
	url = {http://www.jcb.org/cgi/doi/10.1083/jcb.200507101},
	doi = {10.1083/jcb.200507101},
	pages = {541--552},
	number = {4},
	author = {McDonald, D.},
	urldate = {2014-05-23},
	date = {2006-02-06},
	langid = {english},
	file = {541.full.pdf:C\:\\Users\\Lorraine\\AppData\\Roaming\\Mozilla\\Firefox\\Profiles\\iteebgdq.default\\zotero\\storage\\DEVMRMQM\\541.full.pdf:application/pdf}
}

@article{hayashi_rpel_2014,
	title = {RPEL Proteins Are the Molecular Targets for CCG-1423, an Inhibitor of Rho Signaling},
	volume = {9},
	issn = {1932-6203},
	url = {http://dx.plos.org/10.1371/journal.pone.0089016},
	doi = {10.1371/journal.pone.0089016},
	pages = {e89016},
	number = {2},
	author = {Hayashi, Ken’ichiro and Watanabe, Bunta and Nakagawa, Yoshiaki and Minami, Saki and Morita, Tsuyoshi},
	editor = {Ariga, Hiroyoshi},
	urldate = {2015-06-29},
	date = {2014-02-18},
	langid = {english},
	file = {fetchObject.pdf:C\:\\Users\\Lorraine\\AppData\\Roaming\\Mozilla\\Firefox\\Profiles\\iteebgdq.default\\zotero\\storage\\DNM3E3BG\\fetchObject.pdf:application/pdf}
}

@article{medjkane_myocardin-related_2009,
	title = {Myocardin-related transcription factors and SRF are required for cytoskeletal dynamics and experimental metastasis},
	volume = {11},
	issn = {1465-7392, 1476-4679},
	url = {http://www.nature.com/doifinder/10.1038/ncb1833},
	doi = {10.1038/ncb1833},
	pages = {257--268},
	number = {3},
	author = {Medjkane, Souhila and Perez-Sanchez, Cristina and Gaggioli, Cedric and Sahai, Erik and Treisman, Richard},
	urldate = {2015-02-09},
	date = {2009-03},
	file = {ncb1833.pdf:C\:\\Users\\Lorraine\\AppData\\Roaming\\Mozilla\\Firefox\\Profiles\\iteebgdq.default\\zotero\\storage\\MB78ETMX\\ncb1833.pdf:application/pdf}
}

@article{janmey_mechanical_1994,
	title = {The mechanical properties of actin gels. Elastic modulus and filament motions.},
	volume = {269},
	url = {http://www.jbc.org/content/269/51/32503.short},
	pages = {32503--32513},
	number = {51},
	author = {Janmey, Paul A. and Hvidt, Soren and Käs, J. and Lerche, Dietmar and Maggs, Anthony and Sackmann, Erich and Schliwa, Manfred and Stossel, Thomas P.},
	urldate = {2015-07-06},
	date = {1994},
	file = {32503.full.pdf:C\:\\Users\\Lorraine\\AppData\\Roaming\\Mozilla\\Firefox\\Profiles\\iteebgdq.default\\zotero\\storage\\C35I5Q5A\\32503.full.pdf:application/pdf}
}

@article{farrants_chromatin_2008,
	title = {Chromatin remodelling and actin organisation},
	volume = {582},
	issn = {00145793},
	url = {http://linkinghub.elsevier.com/retrieve/pii/S0014579308003608},
	doi = {10.1016/j.febslet.2008.04.032},
	pages = {2041--2050},
	number = {14},
	author = {Farrants, Ann-Kristin Östlund},
	urldate = {2015-07-01},
	date = {2008-06},
	langid = {english},
	file = {1-s2.0-S0014579308003608-main.pdf:C\:\\Users\\Lorraine\\AppData\\Roaming\\Mozilla\\Firefox\\Profiles\\iteebgdq.default\\zotero\\storage\\Q6XMMJ2B\\1-s2.0-S0014579308003608-main.pdf:application/pdf}
}

@article{tskhovrebova_making_2012,
	title = {Making muscle elastic: the structural basis of myomesin stretching},
	volume = {10},
	url = {http://dx.plos.org/10.1371/journal.pbio.1001264},
	shorttitle = {Making muscle elastic},
	pages = {308},
	number = {2},
	author = {Tskhovrebova, Larissa and Trinick, John},
	urldate = {2015-06-16},
	date = {2012},
	file = {pbio.1001264.pdf:C\:\\Users\\Lorraine\\AppData\\Roaming\\Mozilla\\Firefox\\Profiles\\iteebgdq.default\\zotero\\storage\\JZNTGMDN\\pbio.1001264.pdf:application/pdf}
}

@article{gieni_actin_2009,
	title = {Actin dynamics and functions in the interphase nucleus: moving toward an understanding of nuclear polymeric actin},
	volume = {87},
	issn = {0829-8211, 1208-6002},
	url = {http://www.nrcresearchpress.com/doi/abs/10.1139/O08-133},
	doi = {10.1139/O08-133},
	shorttitle = {Actin dynamics and functions in the interphase nucleus},
	pages = {283--306},
	number = {1},
	author = {Gieni, Randall S. and Hendzel, Michael J.},
	urldate = {2015-02-26},
	date = {2009-02},
	langid = {english},
	file = {O08-133.pdf:C\:\\Users\\Lorraine\\AppData\\Roaming\\Mozilla\\Firefox\\Profiles\\iteebgdq.default\\zotero\\storage\\BIHQWAJB\\O08-133.pdf:application/pdf;O08-133.pdf:C\:\\Users\\Lorraine\\AppData\\Roaming\\Mozilla\\Firefox\\Profiles\\iteebgdq.default\\zotero\\storage\\WNFC3DAG\\O08-133.pdf:application/pdf}
}

@incollection{gupta_micropillar_2015,
	title = {Micropillar substrates: A tool for studying cell mechanobiology},
	volume = {125},
	isbn = {978-0-12-801103-4},
	url = {http://linkinghub.elsevier.com/retrieve/pii/S0091679X14000107},
	shorttitle = {Micropillar substrates},
	pages = {289--308},
	booktitle = {Methods in Cell Biology},
	publisher = {Elsevier},
	author = {Gupta, Mukund and Kocgozlu, Leyla and Sarangi, Bibhu Ranjan and Margadant, Felix and Ashraf, Mohammed and Ladoux, Benoit},
	urldate = {2015-06-23},
	date = {2015},
	langid = {english},
	file = {1-s2.0-S0091679X14000107-main.pdf:C\:\\Users\\Lorraine\\AppData\\Roaming\\Mozilla\\Firefox\\Profiles\\iteebgdq.default\\zotero\\storage\\MUUKDNWV\\1-s2.0-S0091679X14000107-main.pdf:application/pdf}
}

@article{ottenheijm_lifting_2010,
	title = {Lifting the Nebula: Novel Insights into Skeletal Muscle Contractility},
	volume = {25},
	issn = {1548-9213, 1548-9221},
	url = {http://physiologyonline.physiology.org/cgi/doi/10.1152/physiol.00016.2010},
	doi = {10.1152/physiol.00016.2010},
	shorttitle = {Lifting the Nebula},
	pages = {304--310},
	number = {5},
	author = {Ottenheijm, C. A. C. and Granzier, H.},
	urldate = {2015-07-01},
	date = {2010-10-01},
	langid = {english},
	file = {304.full.pdf:C\:\\Users\\Lorraine\\AppData\\Roaming\\Mozilla\\Firefox\\Profiles\\iteebgdq.default\\zotero\\storage\\RXNFZ5AF\\304.full.pdf:application/pdf}
}

@article{somogyi_evidence_2004,
	title = {Evidence for Tension-Based Regulation of Drosophila MAL and SRF during Invasive Cell Migration},
	volume = {7},
	url = {http://www.sciencedirect.com/science/article/pii/S1534580704001819},
	pages = {85--93},
	number = {1},
	author = {Somogyi, Kálmán and Rørth, Pernille},
	urldate = {2013-10-21},
	date = {2004},
	file = {1-s2.0-S1534580704001819-main.pdf:D\:\\Lorraine\\articles\\1-s2.0-S1534580704001819-main.pdf:application/pdf}
}

@article{paluch_cortical_2005,
	title = {Cortical Actomyosin Breakage Triggers Shape Oscillations in Cells and Cell Fragments},
	volume = {89},
	issn = {00063495},
	url = {http://linkinghub.elsevier.com/retrieve/pii/S0006349505727168},
	doi = {10.1529/biophysj.105.060590},
	pages = {724--733},
	number = {1},
	author = {Paluch, Ewa and Piel, Matthieu and Prost, Jacques and Bornens, Michel and Sykes, Cécile},
	urldate = {2015-07-03},
	date = {2005-07},
	langid = {english},
	file = {1-s2.0-S0006349505727168-main.pdf:C\:\\Users\\Lorraine\\AppData\\Roaming\\Mozilla\\Firefox\\Profiles\\iteebgdq.default\\zotero\\storage\\DFR2NVVE\\1-s2.0-S0006349505727168-main.pdf:application/pdf}
}

@article{witt_reversal_2014,
	title = {Reversal of myofibroblastic activation by polyunsaturated fatty acids in valvular interstitial cells from aortic valves. Role of RhoA/G-actin/MRTF signalling},
	volume = {74},
	issn = {00222828},
	url = {http://linkinghub.elsevier.com/retrieve/pii/S0022282814001618},
	doi = {10.1016/j.yjmcc.2014.05.008},
	pages = {127--138},
	author = {Witt, Wolfgang and Büttner, Petra and Jannasch, Anett and Matschke, Klaus and Waldow, Thomas},
	urldate = {2014-10-31},
	date = {2014-09},
	langid = {english}
}

@article{blanchoin_direct_2000,
	title = {Direct observation of dendritic actin filament networks nucleated by Arp2/3 complex and WASP/Scar proteins},
	volume = {404},
	issn = {0028-0836},
	url = {http://dx.doi.org/10.1038/35010008},
	doi = {10.1038/35010008},
	pages = {1007--1011},
	number = {6781},
	journaltitle = {Nature},
	author = {Blanchoin, Laurent and Amann, Kurt J. and Higgs, Henry N. and Marchand, Jean-Baptiste and Kaiser, Donald A. and Pollard, Thomas D.},
	date = {2000-04-27},
	file = {4041007a0.pdf:C\:\\Users\\Lorraine\\AppData\\Roaming\\Mozilla\\Firefox\\Profiles\\iteebgdq.default\\zotero\\storage\\PIF9WBWX\\4041007a0.pdf:application/pdf}
}

@article{winder_actin-binding_2005,
	title = {Actin-binding proteins},
	volume = {118},
	issn = {0021-9533, 1477-9137},
	url = {http://jcs.biologists.org/cgi/doi/10.1242/jcs.01670},
	doi = {10.1242/jcs.01670},
	pages = {651--654},
	number = {4},
	author = {Winder, S. J.},
	urldate = {2015-03-06},
	date = {2005-01-25},
	langid = {english},
	file = {651.full.pdf:C\:\\Users\\Lorraine\\AppData\\Roaming\\Mozilla\\Firefox\\Profiles\\iteebgdq.default\\zotero\\storage\\VHN9CWMP\\651.full.pdf:application/pdf}
}

@article{mitrossilis_single-cell_2009,
	title = {Single-cell response to stiffness exhibits muscle-like behavior},
	volume = {106},
	url = {http://www.pnas.org/content/106/43/18243.short},
	pages = {18243--18248},
	number = {43},
	author = {Mitrossilis, Demosthene and Fouchard, Jonathan and Guiroy, Axel and Desprat, Nicolas and Rodriguez, Nicolas and Fabry, Ben and Asnacios, Atef},
	urldate = {2015-06-16},
	date = {2009},
	file = {18243.full.pdf:C\:\\Users\\Lorraine\\AppData\\Roaming\\Mozilla\\Firefox\\Profiles\\iteebgdq.default\\zotero\\storage\\NI5W5NX4\\18243.full.pdf:application/pdf}
}

@article{bjorkholm_development_2013,
	title = {Development of Hodgkin lymphoma in homozygotic triplets with constitutional deletion in MKL1},
	volume = {121},
	issn = {0006-4971, 1528-0020},
	url = {http://www.bloodjournal.org/cgi/doi/10.1182/blood-2013-02-469031},
	doi = {10.1182/blood-2013-02-469031},
	pages = {4807--4807},
	number = {23},
	author = {Bjorkholm, M. and Sjoberg, J. and Nygell, U. A. and Porwit, A. and Bjorck, E.},
	urldate = {2014-12-11},
	date = {2013-06-06},
	langid = {english},
	file = {4807.full.pdf:C\:\\Users\\Lorraine\\AppData\\Roaming\\Mozilla\\Firefox\\Profiles\\iteebgdq.default\\zotero\\storage\\QPWRMSF7\\4807.full.pdf:application/pdf}
}

@article{hofmann_actin_2004,
	title = {Actin is part of pre-initiation complexes and is necessary for transcription by RNA polymerase II},
	volume = {6},
	issn = {1465-7392, 1476-4679},
	url = {http://www.nature.com/doifinder/10.1038/ncb1182},
	doi = {10.1038/ncb1182},
	pages = {1094--1101},
	number = {11},
	author = {Hofmann, Wilma A. and Stojiljkovic, Ljuba and Fuchsova, Beata and Vargas, Gabriela M. and Mavrommatis, Evangelos and Philimonenko, Vlada and Kysela, Katarina and Goodrich, James A. and Lessard, James L. and Hope, Thomas J. and Hozak, Pavel and de Lanerolle, Primal},
	urldate = {2015-07-01},
	date = {2004-11},
	file = {ncb1182.pdf:C\:\\Users\\Lorraine\\AppData\\Roaming\\Mozilla\\Firefox\\Profiles\\iteebgdq.default\\zotero\\storage\\7PGVPPMT\\ncb1182.pdf:application/pdf}
}

@article{sollich_rheological_1998,
	title = {Rheological constitutive equation for a model of soft glassy materials},
	volume = {58},
	url = {http://link.aps.org/doi/10.1103/PhysRevE.58.738},
	pages = {738--759},
	number = {1},
	journaltitle = {Phys. Rev. E},
	author = {Sollich, Peter},
	date = {1998-07-01}
}

@misc{goodsell_molecule_2010,
	title = {Molecule of the Month : Myosin},
	url = {(http://dx.doi.org/10.2210/rcsb_pdb/mom_2001_6},
	publisher = {{RCSB} Protein Data Bank},
	author = {Goodsell, David},
	urldate = {2015-07-02},
	date = {2010-06}
}

@article{guerci_srf-dependent_2012,
	title = {Srf-Dependent Paracrine Signals Produced by Myofibers Control Satellite Cell-Mediated Skeletal Muscle Hypertrophy},
	volume = {15},
	issn = {15504131},
	url = {http://linkinghub.elsevier.com/retrieve/pii/S1550413111004591},
	doi = {10.1016/j.cmet.2011.12.001},
	pages = {25--37},
	number = {1},
	author = {Guerci, Aline and Lahoute, Charlotte and Hébrard, Sophie and Collard, Laura and Graindorge, Dany and Favier, Maryline and Cagnard, Nicolas and Batonnet-Pichon, Sabrina and Précigout, Guillaume and Garcia, Luis and Tuil, David and Daegelen, Dominique and Sotiropoulos, Athanassia},
	urldate = {2014-12-10},
	date = {2012-01},
	langid = {english},
	file = {1-s2.0-S1550413111004591-main.pdf:C\:\\Users\\Lorraine\\AppData\\Roaming\\Mozilla\\Firefox\\Profiles\\iteebgdq.default\\zotero\\storage\\SA4ZBVUA\\1-s2.0-S1550413111004591-main.pdf:application/pdf}
}

@article{smith_induction_2013,
	title = {Induction of megakaryocyte differentiation drives nuclear accumulation and transcriptional function of MKL1 via actin polymerization and RhoA activation},
	volume = {121},
	url = {http://bloodjournal.hematologylibrary.org/content/121/7/1094.short},
	pages = {1094--1101},
	number = {7},
	author = {Smith, Elenoe C. and Teixeira, Alexandra M. and Chen, Rachel C. and Wang, Lin and Gao, Yuan and Hahn, Katherine L. and Krause, Diane S.},
	urldate = {2014-12-11},
	date = {2013},
	file = {1094.full.pdf:C\:\\Users\\Lorraine\\AppData\\Roaming\\Mozilla\\Firefox\\Profiles\\iteebgdq.default\\zotero\\storage\\HB9FG59U\\1094.full.pdf:application/pdf}
}

@article{isambert_flexibility_1995,
	title = {Flexibility of actin filaments derived from thermal fluctuations. Effect of bound nucleotide, phalloidin, and muscle regulatory proteins},
	volume = {270},
	issn = {0021-9258, 1083-351X},
	url = {http://www.jbc.org/cgi/doi/10.1074/jbc.270.19.11437},
	doi = {10.1074/jbc.270.19.11437},
	pages = {11437--11444},
	number = {19},
	author = {Isambert, H. and Venier, P. and Maggs, A. and Fattoum, A. and Kassab, R. and Pantaloni, D. and Carlier, M.},
	urldate = {2015-07-01},
	date = {1995-05-01},
	langid = {english},
	file = {11437.full.pdf:C\:\\Users\\Lorraine\\AppData\\Roaming\\Mozilla\\Firefox\\Profiles\\iteebgdq.default\\zotero\\storage\\ECPAJEX2\\11437.full.pdf:application/pdf}
}

@article{mizuno_nonequilibrium_2007,
	title = {Nonequilibrium Mechanics of Active Cytoskeletal Networks},
	volume = {315},
	issn = {0036-8075, 1095-9203},
	url = {http://www.sciencemag.org/cgi/doi/10.1126/science.1134404},
	doi = {10.1126/science.1134404},
	pages = {370--373},
	number = {5810},
	author = {Mizuno, D. and Tardin, C. and Schmidt, C. F. and {MacKintosh}, F. C.},
	urldate = {2015-02-23},
	date = {2007-01-19},
	langid = {english},
	file = {1.pdf:C\:\\Users\\Lorraine\\AppData\\Roaming\\Mozilla\\Firefox\\Profiles\\iteebgdq.default\\zotero\\storage\\3MJZZTC2\\1.pdf:application/pdf}
}

@article{lew_specific_1999,
	title = {Specific inhibition of skeletal $\alpha$-actin gene transcription by applied mechanical forces through integrins and actin},
	volume = {341},
	url = {http://www.biochemj.org/bj/341/bj3410647.htm},
	pages = {647--653},
	author = {Lew, A. and GLOGAUER, Michael and MCCULLOCH, C.},
	urldate = {2013-10-21},
	date = {1999},
	file = {10417328.pdf:D\:\\Lorraine\\articles\\10417328.pdf:application/pdf}
}

@article{kollmannsberger_nonlinear_2011,
	title = {Nonlinear viscoelasticity of adherent cells is controlled by cytoskeletal tension},
	volume = {7},
	issn = {1744-683X, 1744-6848},
	url = {http://xlink.rsc.org/?DOI=c0sm00833h},
	doi = {10.1039/c0sm00833h},
	pages = {3127},
	number = {7},
	author = {Kollmannsberger, Philip and Mierke, Claudia Tanja and Fabry, Ben},
	urldate = {2013-10-21},
	date = {2011},
	file = {Nonlinear viscoelasticity of adherent cells Kollmannsberger SoftMatter2011.pdf:D\:\\Lorraine\\articles\\Nonlinear viscoelasticity of adherent cells Kollmannsberger SoftMatter2011.pdf:application/pdf;Nonlinear viscoelasticity of adherent cells Kollmannsberger SoftMatter2011.pdf:C\:\\Users\\Lorraine\\AppData\\Roaming\\Mozilla\\Firefox\\Profiles\\iteebgdq.default\\zotero\\storage\\XPVNTB7Z\\Nonlinear viscoelasticity of adherent cells Kollmannsberger SoftMatter2011.pdf:application/pdf}
}

@article{janmey_resemblance_1990,
	title = {Resemblance of actin-binding protein/actin gels to covalently crosslinked networks},
	volume = {345},
	url = {http://dx.doi.org/10.1038/345089a0},
	doi = {10.1038/345089a0},
	pages = {89--92},
	number = {6270},
	journaltitle = {Nature},
	author = {Janmey, Paul A. and Hvidt, Soren and Lamb, Jennifer and Stossel, Thomas P.},
	date = {1990-05-03},
	file = {345089a0.pdf:C\:\\Users\\Lorraine\\AppData\\Roaming\\Mozilla\\Firefox\\Profiles\\iteebgdq.default\\zotero\\storage\\E69PUPB5\\345089a0.pdf:application/pdf}
}

@article{zhao_induction_2014,
	title = {Induction of the matricellular protein CCN1 through RhoA and MRTF-A contributes to ischemic cardioprotection},
	volume = {75},
	issn = {00222828},
	url = {http://linkinghub.elsevier.com/retrieve/pii/S0022282814002430},
	doi = {10.1016/j.yjmcc.2014.07.017},
	pages = {152--161},
	author = {Zhao, Xia and Ding, Eric Y. and Yu, Olivia M. and Xiang, Sunny Y. and Tan-Sah, Valerie P. and Yung, Bryan S. and Hedgpeth, Joe and Neubig, Richard R. and Lau, Lester F. and Brown, Joan Heller and Miyamoto, Shigeki},
	urldate = {2015-07-06},
	date = {2014-10},
	langid = {english},
	file = {1-s2.0-S0022282814002430-main.pdf:C\:\\Users\\Lorraine\\AppData\\Roaming\\Mozilla\\Firefox\\Profiles\\iteebgdq.default\\zotero\\storage\\877VTXNW\\1-s2.0-S0022282814002430-main.pdf:application/pdf}
}

@article{ziemann_local_1994,
	title = {Local measurements of viscoelastic moduli of entangled actin networks using an oscillating magnetic bead micro-rheometer},
	volume = {66},
	url = {http://www.sciencedirect.com/science/article/pii/S0006349594810173},
	pages = {2210--2216},
	number = {6},
	author = {Ziemann, F. and Rädler, J. and Sackmann, E.},
	urldate = {2014-12-10},
	date = {1994},
	file = {3EF1A4F3d01.pdf:C\:\\Users\\Lorraine\\AppData\\Roaming\\Mozilla\\Firefox\\Profiles\\iteebgdq.default\\zotero\\storage\\TXXNH9KK\\3EF1A4F3d01.pdf:application/pdf}
}

@article{fabry_scaling_2001,
	title = {Scaling the Microrheology of Living Cells},
	volume = {87},
	url = {http://link.aps.org/doi/10.1103/PhysRevLett.87.148102},
	pages = {148102},
	number = {14},
	journaltitle = {Phys. Rev. Lett.},
	author = {Fabry, Ben and Maksym, Geoffrey N. and Butler, James P. and Glogauer, Michael and Navajas, Daniel and Fredberg, Jeffrey J.},
	date = {2001-09-13}
}

@article{moeendarbary_cytoplasm_2013,
	title = {The cytoplasm of living cells behaves as a poroelastic material},
	volume = {12},
	issn = {1476-1122, 1476-4660},
	url = {http://www.nature.com/doifinder/10.1038/nmat3517},
	doi = {10.1038/nmat3517},
	pages = {253--261},
	number = {3},
	author = {Moeendarbary, Emad and Valon, Léo and Fritzsche, Marco and Harris, Andrew R. and Moulding, Dale A. and Thrasher, Adrian J. and Stride, Eleanor and Mahadevan, L. and Charras, Guillaume T.},
	urldate = {2015-06-24},
	date = {2013-01-06},
	file = {nmat3517.pdf:C\:\\Users\\Lorraine\\AppData\\Roaming\\Mozilla\\Firefox\\Profiles\\iteebgdq.default\\zotero\\storage\\GHSM8BRW\\nmat3517.pdf:application/pdf}
}

@article{chiquet_mechanotransduction_2009,
	title = {From mechanotransduction to extracellular matrix gene expression in fibroblasts},
	volume = {1793},
	issn = {01674889},
	url = {http://linkinghub.elsevier.com/retrieve/pii/S0167488909000342},
	doi = {10.1016/j.bbamcr.2009.01.012},
	pages = {911--920},
	number = {5},
	author = {Chiquet, Matthias and Gelman, Laurent and Lutz, Roman and Maier, Silke},
	urldate = {2015-01-22},
	date = {2009-05},
	langid = {english},
	file = {1-s2.0-S0167488909000342-main.pdf:C\:\\Users\\Lorraine\\AppData\\Roaming\\Mozilla\\Firefox\\Profiles\\iteebgdq.default\\zotero\\storage\\ACKV4EX7\\1-s2.0-S0167488909000342-main.pdf:application/pdf}
}

@article{robert_magnetic_2012,
	title = {Magnetic nanomanipulations inside living cells compared with passive tracking of nanoprobes to get consensus for intracellular mechanics},
	volume = {85},
	url = {http://link.aps.org/doi/10.1103/PhysRevE.85.011905},
	pages = {011905},
	number = {1},
	journaltitle = {Phys. Rev. E},
	author = {Robert, Damien and Aubertin, Kelly and Bacri, Jean-Claude and Wilhelm, Claire},
	date = {2012-01-09}
}

@article{abmayr_myoblast_2012,
	title = {Myoblast fusion: lessons from flies and mice},
	volume = {139},
	issn = {0950-1991, 1477-9129},
	url = {http://dev.biologists.org/cgi/doi/10.1242/dev.068353},
	doi = {10.1242/dev.068353},
	shorttitle = {Myoblast fusion},
	pages = {641--656},
	number = {4},
	author = {Abmayr, S. M. and Pavlath, G. K.},
	urldate = {2015-03-09},
	date = {2012-02-15},
	langid = {english},
	file = {641.full.pdf:C\:\\Users\\Lorraine\\AppData\\Roaming\\Mozilla\\Firefox\\Profiles\\iteebgdq.default\\zotero\\storage\\9RRPTN2D\\641.full.pdf:application/pdf}
}

@article{ho_lamin_2013,
	title = {Lamin A/C and emerin regulate MKL1–SRF activity by modulating actin dynamics},
	volume = {497},
	issn = {0028-0836, 1476-4687},
	url = {http://www.nature.com/doifinder/10.1038/nature12105},
	doi = {10.1038/nature12105},
	pages = {507--511},
	number = {7450},
	author = {Ho, Chin Yee and Jaalouk, Diana E. and Vartiainen, Maria K. and Lammerding, Jan},
	urldate = {2015-01-21},
	date = {2013-05-05},
	file = {nature12105.pdf:C\:\\Users\\Lorraine\\AppData\\Roaming\\Mozilla\\Firefox\\Profiles\\iteebgdq.default\\zotero\\storage\\3GN5A4SI\\nature12105.pdf:application/pdf}
}

@article{kainulainen_cell_2002,
	title = {Cell Death and Mechanoprotection by Filamin A in Connective Tissues after Challenge by Applied Tensile Forces},
	volume = {277},
	issn = {00219258, 1083351X},
	url = {http://www.jbc.org/cgi/doi/10.1074/jbc.M200715200},
	doi = {10.1074/jbc.M200715200},
	pages = {21998--22009},
	number = {24},
	author = {Kainulainen, T.},
	urldate = {2015-07-01},
	date = {2002-06-07},
	file = {21998.full.pdf:C\:\\Users\\Lorraine\\AppData\\Roaming\\Mozilla\\Firefox\\Profiles\\iteebgdq.default\\zotero\\storage\\XIWR9JQJ\\21998.full.pdf:application/pdf}
}

@article{skarp_actin_2010,
	title = {Actin on DNA—an ancient and dynamic relationship},
	volume = {67},
	url = {http://onlinelibrary.wiley.com/doi/10.1002/cm.20464/full},
	pages = {487--495},
	number = {8},
	author = {Skarp, Kari-Pekka and Vartiainen, Maria K.},
	urldate = {2015-01-22},
	date = {2010},
	file = {20464_ftp.pdf:C\:\\Users\\Lorraine\\AppData\\Roaming\\Mozilla\\Firefox\\Profiles\\iteebgdq.default\\zotero\\storage\\399JPFWQ\\20464_ftp.pdf:application/pdf}
}

@article{miralles_actin_2006,
	title = {Actin in transcription and transcription regulation},
	volume = {18},
	issn = {09550674},
	url = {http://linkinghub.elsevier.com/retrieve/pii/S0955067406000597},
	doi = {10.1016/j.ceb.2006.04.009},
	pages = {261--266},
	number = {3},
	author = {Miralles, Francesc and Visa, Neus},
	urldate = {2014-12-17},
	date = {2006-06},
	langid = {english},
	file = {1-s2.0-S0955067406000597-main.pdf:C\:\\Users\\Lorraine\\AppData\\Roaming\\Mozilla\\Firefox\\Profiles\\iteebgdq.default\\zotero\\storage\\K2QKZKVN\\1-s2.0-S0955067406000597-main.pdf:application/pdf}
}

@article{muehlich_serum-induced_2008,
	title = {Serum-Induced Phosphorylation of the Serum Response Factor Coactivator MKL1 by the Extracellular Signal-Regulated Kinase 1/2 Pathway Inhibits Its Nuclear Localization},
	volume = {28},
	issn = {0270-7306},
	url = {http://mcb.asm.org/cgi/doi/10.1128/MCB.00427-08},
	doi = {10.1128/MCB.00427-08},
	pages = {6302--6313},
	number = {20},
	author = {Muehlich, S. and Wang, R. and Lee, S.-M. and Lewis, T. C. and Dai, C. and Prywes, R.},
	urldate = {2015-06-17},
	date = {2008-10-15},
	langid = {english},
	file = {6302.full.pdf:C\:\\Users\\Lorraine\\AppData\\Roaming\\Mozilla\\Firefox\\Profiles\\iteebgdq.default\\zotero\\storage\\696EN9JR\\6302.full.pdf:application/pdf}
}

@article{moussus_intracellular_2013,
	title = {Intracellular stresses in patterned cell assemblies},
	volume = {10},
	issn = {1744-683X, 1744-6848},
	url = {http://xlink.rsc.org/?DOI=C3SM52318G},
	doi = {10.1039/C3SM52318G},
	pages = {2414--2423},
	number = {14},
	author = {Moussus, Michel and Loughian, Christelle der and Fuard, David and Courçon, Marie and Gulino-Debrac, Danielle and Delanoë-Ayari, Hélène and Nicolas, Alice},
	urldate = {2015-06-26},
	date = {2013-12-17},
	langid = {english},
	file = {C3SM52318G.pdf:C\:\\Users\\Lorraine\\AppData\\Roaming\\Mozilla\\Firefox\\Profiles\\iteebgdq.default\\zotero\\storage\\DQM4W57W\\C3SM52318G.pdf:application/pdf}
}

@article{lundquist_redox_2014,
	title = {Redox Modification of Nuclear Actin by MICAL-2 Regulates SRF Signaling},
	volume = {156},
	issn = {00928674},
	url = {http://linkinghub.elsevier.com/retrieve/pii/S0092867413016048},
	doi = {10.1016/j.cell.2013.12.035},
	pages = {563--576},
	number = {3},
	author = {Lundquist, Mark R. and Storaska, Andrew J. and Liu, Ting-Chun and Larsen, Scott D. and Evans, Todd and Neubig, Richard R. and Jaffrey, Samie R.},
	urldate = {2014-05-22},
	date = {2014-01},
	langid = {english},
	keywords = {Actine, Actine nucléaire, {MICAL}, {MRTF}-A, Rôle non-mécanique de l'actine},
	file = {0.pdf:C\:\\Users\\Lorraine\\AppData\\Roaming\\Mozilla\\Firefox\\Profiles\\iteebgdq.default\\zotero\\storage\\5CMBGRW4\\0.pdf:application/pdf}
}

@article{dopie_active_2012,
	title = {Active maintenance of nuclear actin by importin 9 supports transcription},
	volume = {109},
	url = {http://www.pnas.org/content/109/9/E544.short},
	pages = {E544--E552},
	number = {9},
	author = {Dopie, Joseph and Skarp, Kari-Pekka and Rajakylä, Eeva Kaisa and Tanhuanpää, Kimmo and Vartiainen, Maria K.},
	urldate = {2013-10-21},
	date = {2012},
	file = {PNAS-2012-Dopie-E544-52.pdf:D\:\\Lorraine\\articles\\PNAS-2012-Dopie-E544-52.pdf:application/pdf}
}

@article{koenderink_active_2009,
	title = {An active biopolymer network controlled by molecular motors},
	volume = {106},
	url = {http://www.pnas.org/content/106/36/15192.short},
	pages = {15192--15197},
	number = {36},
	author = {Koenderink, Gijsje H. and Dogic, Zvonimir and Nakamura, Fumihiko and Bendix, Poul M. and {MacKintosh}, Frederick C. and Hartwig, John H. and Stossel, Thomas P. and Weitz, David A.},
	urldate = {2015-06-22},
	date = {2009},
	file = {15192.full.pdf:C\:\\Users\\Lorraine\\AppData\\Roaming\\Mozilla\\Firefox\\Profiles\\iteebgdq.default\\zotero\\storage\\EPBX3P79\\15192.full.pdf:application/pdf}
}

@article{cen_myocardin/mkl_2004,
	title = {Myocardin/MKL family of SRF coactivators: Key regulators of immediate early and muscle specific gene expression},
	volume = {93},
	issn = {0730-2312, 1097-4644},
	url = {http://doi.wiley.com/10.1002/jcb.20199},
	doi = {10.1002/jcb.20199},
	shorttitle = {Myocardin/{MKL} family of {SRF} coactivators},
	pages = {74--82},
	number = {1},
	author = {Cen, Bo and Selvaraj, Ahalya and Prywes, Ron},
	urldate = {2014-12-12},
	date = {2004-09-01},
	langid = {english},
	keywords = {{MRTF}-A, Review},
	file = {20199_ftp.pdf:C\:\\Users\\Lorraine\\AppData\\Roaming\\Mozilla\\Firefox\\Profiles\\iteebgdq.default\\zotero\\storage\\RN4H4F5P\\20199_ftp.pdf:application/pdf}
}

@article{yang_adhesion_2001,
	title = {Adhesion of a Rigid Punch to an Incompressible Elastic Film},
	volume = {17},
	issn = {0743-7463, 1520-5827},
	url = {http://pubs.acs.org/doi/abs/10.1021/la010409h},
	doi = {10.1021/la010409h},
	pages = {6524--6529},
	number = {21},
	author = {Yang, Fuqian and Li, J. C. M.},
	urldate = {2015-05-29},
	date = {2001-10},
	langid = {english},
	file = {0.pdf:C\:\\Users\\Lorraine\\AppData\\Roaming\\Mozilla\\Firefox\\Profiles\\iteebgdq.default\\zotero\\storage\\N3I8MEHQ\\0.pdf:application/pdf}
}

@article{grosse_be_2013,
	title = {To be or not to be assembled: progressing into nuclear actin filaments},
	volume = {14},
	url = {http://www.nature.com/nrm/journal/v14/n11/abs/nrm3681.html},
	shorttitle = {To be or not to be assembled},
	pages = {693--697},
	number = {11},
	author = {Grosse, Robert and Vartiainen, Maria K.},
	urldate = {2014-05-07},
	date = {2013},
	file = {0.pdf:C\:\\Users\\Lorraine\\AppData\\Roaming\\Mozilla\\Firefox\\Profiles\\iteebgdq.default\\zotero\\storage\\W2EWGHQT\\0.pdf:application/pdf}
}

@article{evelyn_ccg-1423:_2007,
	title = {CCG-1423: a small-molecule inhibitor of RhoA transcriptional signaling},
	volume = {6},
	issn = {1535-7163, 1538-8514},
	url = {http://mct.aacrjournals.org/cgi/doi/10.1158/1535-7163.MCT-06-0782},
	doi = {10.1158/1535-7163.MCT-06-0782},
	shorttitle = {{CCG}-1423},
	pages = {2249--2260},
	number = {8},
	author = {Evelyn, C. R. and Wade, S. M. and Wang, Q. and Wu, M. and Iniguez-Lluhi, J. A. and Merajver, S. D. and Neubig, R. R.},
	urldate = {2014-05-27},
	date = {2007-08-01},
	langid = {english},
	file = {2249.full.pdf:C\:\\Users\\Lorraine\\AppData\\Roaming\\Mozilla\\Firefox\\Profiles\\iteebgdq.default\\zotero\\storage\\KZTCFDWJ\\2249.full.pdf:application/pdf}
}

@article{hoffman_cell_2009,
	title = {Cell Mechanics: Dissecting the Physical Responses of Cells to Force},
	volume = {11},
	issn = {1523-9829, 1545-4274},
	url = {http://www.annualreviews.org/doi/abs/10.1146/annurev.bioeng.10.061807.160511},
	doi = {10.1146/annurev.bioeng.10.061807.160511},
	shorttitle = {Cell Mechanics},
	pages = {259--288},
	number = {1},
	author = {Hoffman, Brenton D. and Crocker, John C.},
	urldate = {2015-03-03},
	date = {2009-08},
	langid = {english},
	file = {0.pdf:C\:\\Users\\Lorraine\\AppData\\Roaming\\Mozilla\\Firefox\\Profiles\\iteebgdq.default\\zotero\\storage\\IPT7T5UF\\0.pdf:application/pdf}
}

@article{wachsstock_affinity_1993,
	title = {Affinity of alpha-actinin for actin determines the structure and mechanical properties of actin filament gels.},
	volume = {65},
	url = {http://www.ncbi.nlm.nih.gov/pmc/articles/PMC1225716/},
	pages = {205},
	number = {1},
	author = {Wachsstock, Daniel H. and Schwartz, W. H. and Pollard, Thomas D.},
	urldate = {2015-07-01},
	date = {1993},
	file = {biophysj00086-0206.pdf:C\:\\Users\\Lorraine\\AppData\\Roaming\\Mozilla\\Firefox\\Profiles\\iteebgdq.default\\zotero\\storage\\U729Q3S2\\biophysj00086-0206.pdf:application/pdf}
}

@article{busche_e-cadherin_2010,
	title = {E-cadherin regulates MAL-SRF-mediated transcription in epithelial cells},
	volume = {123},
	issn = {0021-9533, 1477-9137},
	url = {http://jcs.biologists.org/cgi/doi/10.1242/jcs.061887},
	doi = {10.1242/jcs.061887},
	pages = {2803--2809},
	number = {16},
	author = {Busche, S. and Kremmer, E. and Posern, G.},
	urldate = {2013-10-21},
	date = {2010-07-27},
	file = {E-cadherin regulates MAL-SRF-mediated transcription in epithelial cells Posern J Cell Sci 2010.pdf:D\:\\Lorraine\\articles\\E-cadherin regulates MAL-SRF-mediated transcription in epithelial cells Posern J Cell Sci 2010.pdf:application/pdf}
}

@article{drewett_serum_2001,
	title = {Serum Response Factor Cleavage by Caspases 3 and 7 Linked to Apoptosis in Human BJAB Cells},
	volume = {276},
	issn = {0021-9258, 1083-351X},
	url = {http://www.jbc.org/cgi/doi/10.1074/jbc.M103877200},
	doi = {10.1074/jbc.M103877200},
	pages = {33444--33451},
	number = {36},
	author = {Drewett, V. and Devitt, A. and Saxton, J. and Portman, N. and Greaney, P. and Cheong, N. and Alnemri, T. F. and Alnemri, E. and Shaw, P. E.},
	urldate = {2015-07-04},
	date = {2001-09-07},
	langid = {english}
}

@article{del_rio_stretching_2009,
	title = {Stretching single talin rod molecules activates vinculin binding},
	volume = {323},
	url = {http://www.sciencemag.org/content/323/5914/638.short},
	pages = {638--641},
	number = {5914},
	author = {del Rio, Armando and Perez-Jimenez, Raul and Liu, Ruchuan and Roca-Cusachs, Pere and Fernandez, Julio M. and Sheetz, Michael P.},
	urldate = {2015-07-02},
	date = {2009},
	file = {638.full.pdf:C\:\\Users\\Lorraine\\AppData\\Roaming\\Mozilla\\Firefox\\Profiles\\iteebgdq.default\\zotero\\storage\\4A99JXAT\\638.full.pdf:application/pdf}
}

@article{iyer_novel_2003,
	title = {Novel Phosphorylation Target in the Serum Response Factor MADS Box Regulates $\alpha$-Actin Transcription†},
	volume = {42},
	issn = {0006-2960},
	url = {http://dx.doi.org/10.1021/bi030045n},
	doi = {10.1021/bi030045n},
	pages = {7477--7486},
	number = {24},
	journaltitle = {Biochemistry},
	author = {Iyer, Dinakar and Belaguli, Narasimhaswamy and Flück, Martin and Rowan, Brian G. and Wei, Lei and Weigel, Nancy L. and Booth, Frank W. and Epstein, Henry F. and Schwartz, Robert J. and Balasubramanyam, Ashok},
	date = {2003-06-01}
}

@article{geiger_environmental_2009,
	title = {Environmental sensing through focal adhesions},
	volume = {10},
	issn = {1471-0072, 1471-0080},
	url = {http://www.nature.com/doifinder/10.1038/nrm2593},
	doi = {10.1038/nrm2593},
	pages = {21--33},
	number = {1},
	author = {Geiger, Benjamin and Spatz, Joachim P. and Bershadsky, Alexander D.},
	urldate = {2015-03-04},
	date = {2009-01},
	file = {nrm2593.pdf:C\:\\Users\\Lorraine\\AppData\\Roaming\\Mozilla\\Firefox\\Profiles\\iteebgdq.default\\zotero\\storage\\7ZGEHKF5\\nrm2593.pdf:application/pdf}
}

@article{iyer_mechanical_2012,
	title = {Mechanical Activation of Cells Induces Chromatin Remodeling Preceding MKL Nuclear Transport},
	volume = {103},
	issn = {00063495},
	url = {http://linkinghub.elsevier.com/retrieve/pii/S0006349512009678},
	doi = {10.1016/j.bpj.2012.08.041},
	pages = {1416--1428},
	number = {7},
	author = {Iyer, K. Venkatesan and Pulford, S. and Mogilner, A. and Shivashankar, G.V.},
	urldate = {2013-10-21},
	date = {2012-10},
	file = {1-s2.0-S0006349512009678-main.pdf:D\:\\Lorraine\\articles\\1-s2.0-S0006349512009678-main.pdf:application/pdf}
}

@article{guck_optical_2001,
	title = {The Optical Stretcher: A Novel Laser Tool to Micromanipulate Cells},
	volume = {81},
	issn = {0006-3495},
	url = {http://www.sciencedirect.com/science/article/pii/S0006349501757402},
	doi = {10.1016/S0006-3495(01)75740-2},
	pages = {767--784},
	number = {2},
	journaltitle = {Biophysical Journal},
	author = {Guck, Jochen and Ananthakrishnan, Revathi and Mahmood, Hamid and Moon, Tess J. and Cunningham, C. Casey and Käs, Josef},
	date = {2001-08}
}

@article{rajakyla_rho_2014,
	title = {Rho, nuclear actin, and actin-binding proteins in the regulation of transcription and gene expression},
	volume = {5},
	issn = {2154-1248, 2154-1256},
	url = {http://www.tandfonline.com/doi/abs/10.4161/sgtp.27539},
	doi = {10.4161/sgtp.27539},
	pages = {e27539},
	number = {1},
	author = {Rajakylä, Eeva Kaisa and Vartiainen, Maria K},
	urldate = {2015-01-26},
	date = {2014-01},
	langid = {english},
	file = {sgtp.pdf:C\:\\Users\\Lorraine\\AppData\\Roaming\\Mozilla\\Firefox\\Profiles\\iteebgdq.default\\zotero\\storage\\953UE56B\\sgtp.pdf:application/pdf}
}
@article{coutinho_molecular_2009,
	title = {Molecular ageing in progeroid syndromes: Hutchinson-Gilford progeria syndrome as a model},
	volume = {6},
	issn = {1742-4933},
	url = {http://www.immunityageing.com/content/6/1/4},
	doi = {10.1186/1742-4933-6-4},
	shorttitle = {Molecular ageing in progeroid syndromes},
	pages = {4},
	number = {1},
	journaltitle = {Immunity \& Ageing},
	author = {Coutinho, Henrique and Falcão-Silva, Vivyanne S and Gonçalves, Gregório and da Nóbrega, Raphael},
	urldate = {2015-07-06},
	date = {2009},
	langid = {english},
	file = {1742-4933-6-4.pdf:C\:\\Users\\Lorraine\\AppData\\Roaming\\Mozilla\\Firefox\\Profiles\\iteebgdq.default\\zotero\\storage\\IUDZGHA3\\1742-4933-6-4.pdf:application/pdf}
}
@book{alberts_molecular_2002,
	title = {Molecular Biology of the Cell, Fourth Edition},
	isbn = {0-8153-3218-1},
	url = {http://www.amazon.ca/exec/obidos/redirect?tag=citeulike09-20&path=ASIN/0815332181},
	abstract = {...covers every important aspect in the field, from experimental techniques and basic concepts to reviews... excellent university course resource.},
	publisher = {Garland Science},
	author = {Alberts, Bruce and Johnson, Alexander and Lewis, Julian and Raff, Martin and Roberts, Keith and Walter, Peter},
	date = {2002},
	keywords = {ref-corpus, ref-transloc}
}

@article{vale_way_2000,
	title = {The Way Things Move: Looking Under the Hood of Molecular Motor Proteins},
	volume = {288},
	url = {http://www.sciencemag.org/content/288/5463/88.abstract},
	doi = {10.1126/science.288.5463.88},
	abstract = {The microtubule-based kinesin motors and actin-based myosin motors generate motions associated with intracellular trafficking, cell division, and muscle contraction. Early studies suggested that these molecular motors work by very different mechanisms. Recently, however, it has become clear that kinesin and myosin share a common core structure and convert energy from adenosine triphosphate into protein motion using a similar conformational change strategy. Many different types of mechanical amplifiers have evolved that operate in conjunction with the conserved core. This modular design has given rise to a remarkable diversity of kinesin and myosin motors whose motile properties are optimized for performing distinct biological functions.},
	pages = {88--95},
	number = {5463},
	journaltitle = {Science},
	shortjournal = {Science},
	author = {Vale, Ronald D. and Milligan, Ronald A.},
	date = {2000-04-07}
}

@article{charras_blebs_2008,
	title = {Blebs lead the way: how to migrate without lamellipodia},
	volume = {9},
	issn = {1471-0072},
	url = {http://dx.doi.org/10.1038/nrm2453},
	doi = {10.1038/nrm2453},
	pages = {730--736},
	number = {9},
	journaltitle = {Nat Rev Mol Cell Biol},
	shortjournal = {Nat Rev Mol Cell Biol},
	author = {Charras, Guillaume and Paluch, Ewa},
	date = {2008-09}
}
@article{ferrer_molecular_2008,
	title = {Molecular pathology of myofibrillar myopathies},
	volume = {10},
	doi = {10.1017/S1462399408000793},
	pages = {null--null},
	journaltitle = {Expert Reviews in Molecular Medicine},
	author = {Ferrer, Isidre and Olivé, Montse},
	date = {2008}
}
@article{storm_nonlinear_2005,
	title = {Nonlinear elasticity in biological gels},
	volume = {435},
	issn = {0028-0836},
	url = {http://dx.doi.org/10.1038/nature03521},
	doi = {10.1038/nature03521},
	pages = {191--194},
	number = {7039},
	journaltitle = {Nature},
	shortjournal = {Nature},
	author = {Storm, Cornelis and Pastore, Jennifer J. and MacKintosh, F. C. and Lubensky, T. C. and Janmey, Paul A.},
	date = {2005-05-12}
}

@book{durand_electrostatique_1953,
	title = {Électrostatique et magnétostatique},
	url = {https://books.google.fr/books?id=Nl5EAAAAIAAJ},
	publisher = {Masson},
	author = {Durand, E.},
	date = {1953},
	pages = {681-687}
}
@article{lynch_endoplasmic_2013,
	title = {Endoplasmic spreading requires coalescence of vimentin intermediate filaments at force-bearing adhesions},
	volume = {24},
	url = {http://www.molbiolcell.org/content/24/1/21.abstract},
	doi = {10.1091/mbc.E12-05-0377},
	pages = {21--30},
	number = {1},
	journaltitle = {Molecular Biology of the Cell},
	shortjournal = {Molecular Biology of the Cell},
	author = {Lynch, Christopher D. and Lazar, Andre M. and Iskratsch, Thomas and Zhang, Xian and Sheetz, Michael P.},
	date = {2013-01-01}
}
@article{styers_intermediate_2005,
	title = {Intermediate Filaments and Vesicular Membrane Traffic: The Odd Couple's First Dance?: Protein Targeting Regulation by Intermediate Filaments},
	volume = {6},
	issn = {13989219},
	url = {http://doi.wiley.com/10.1111/j.1600-0854.2005.00286.x},
	doi = {10.1111/j.1600-0854.2005.00286.x},
	shorttitle = {Intermediate Filaments and Vesicular Membrane Traffic},
	pages = {359--365},
	number = {5},
	journaltitle = {Traffic},
	author = {Styers, Melanie L. and Kowalczyk, Andrew P. and Faundez, Victor},
	urldate = {2015-07-08},
	date = {2005-05},
	langid = {english},
	file = {j.1600-0854.2005.00286.x.pdf:C\:\\Users\\Lorraine\\AppData\\Roaming\\Mozilla\\Firefox\\Profiles\\iteebgdq.default\\zotero\\storage\\9G4QNP5U\\j.1600-0854.2005.00286.x.pdf:application/pdf}
}
@article{helfand_vimentin_2011,
	title = {Vimentin organization modulates the formation of lamellipodia},
	volume = {22},
	url = {http://www.molbiolcell.org/content/22/8/1274.short},
	pages = {1274--1289},
	number = {8},
	journaltitle = {Molecular biology of the cell},
	author = {Helfand, Brian T. and Mendez, Melissa G. and Murthy, SN Prasanna and Shumaker, Dale K. and Grin, Boris and Mahammad, Saleemulla and Aebi, Ueli and Wedig, Tatjana and Wu, Yi I. and Hahn, Klaus M. and {others}},
	urldate = {2015-07-08},
	date = {2011},
	file = {1274.full.pdf:C\:\\Users\\Lorraine\\AppData\\Roaming\\Mozilla\\Firefox\\Profiles\\iteebgdq.default\\zotero\\storage\\24UGAFTQ\\1274.full.pdf:application/pdf}
}
